2522 4100
355 274 481 358 (26)

522 445 1295 519 νεόν-ἆθηνῦν-τιμπαθῶν

521 548 632 617 (sic,
664 570 807 606 mero
837 571 1024 613 errore,
1057 561 1114 604 ut
1143 562 1290 621 pute,

522 645 686 716 qualis
749 658 829 701 est
901 631 1292 723 ἇναμφλαγόνα

517 750 642 797 581.
691 743 743 796 in
773 745 957 796 eodem
985 741 1209 802 codice.)

354 850 476 900 400.
513 846 623 901 τῶν
663 868 716 901 α.
768 844 972 916 ’γενεῶν
1028 854 1072 899 1.
1129 837 1292 920 ἄκρον

509 942 621 996 τῶν
673 936 936 1007 α’θηναίων
989 941 1043 994 6.
1115 939 1292 1004 (-αι’ων

517 1037 777 1109 quinque).

511 1137 698 1205 μαθών
724 1150 776 1196 2.
822 1134 865 1197 δ’
893 1139 930 1209 ἠ
964 1136 1015 1199 δ.
1049 1138 1097 1199 ἑ.
1127 1149 1179 1201 6.
1225 1164 1288 1198 ex

517 1257 617 1292 em.
647 1249 705 1292 ut
731 1239 944 1309 videtur,
985 1243 1076 1295 sed
1105 1261 1174 1294 m.
1206 1261 1285 1312 pr.

350 1147 473 1196 401.

350 1350 476 1398 402.
513 1336 573 1399 εὖ
596 1349 655 1400 λ.
686 1366 793 1400 sex.

348 1455 472 1503 403.
509 1444 720 1509 ταύτας
779 1451 882 1518 (vel
945 1451 1176 1512 ταῦτ-ας)
1237 1464 1289 1506 et

511 1540 672 1621 ξηρδς
701 1567 809 1601 sex.
849 1546 1205 1614 κατακλησθῆ
1234 1557 1287 1602 2.

509 1642 678 1709 -ησ-θῆ
719 1644 772 1698 in
823 1644 1007 1711 -εισθῆ
1035 1656 1163 1700 mut.
1208 1644 1287 1698 vel

513 1751 692 1793 contra
717 1747 768 1794 4.

458 1885 469 1898 .
509 1846 668 1921 φυσᾶ
703 1856 818 1902 1.2.
849 1859 900 1902 et
919 1852 970 1904 6.
997 1860 1054 1902 ut
1076 1849 1289 1917 videtur,

510 1944 601 1996 sed
629 1964 751 1998 mox
775 1950 902 2007 409.
941 1967 1018 2000 σσ
1066 1955 1112 1999 1.
1144 1955 1199 2000 2.
1232 1951 1284 2004 6.

514 2060 554 2094 o·
580 2039 654 2093 ibi
682 2049 735 2096 3.
771 2043 860 2115 qui
883 2042 966 2098 hic
993 2034 1287 2099 ἔνδοθεν-

512 2127 682 2210 ῥήξας
710 2137 878 2208 primo
908 2140 1161 2210 omiserat,
1197 2145 1286 2196 sed

512 2252 634 2287 mox
663 2235 910 2306 reposuit.

347 2348 472 2401 407.
508 2336 682 2396 τούτο
708 2341 826 2404 (sic)
861 2349 907 2394 1.

345 2455 471 2504 408.
510 2441 690 2520 ξυγγ.
764 2455 816 2502 5.

512 2544 680 2617 primo
709 2551 761 2597 2.
804 2536 985 2620 ἔσχων
1008 2567 1071 2600 ex
1097 2567 1195 2600 em.
1215 2567 1283 2601 m.

910 2449 1285 2521 συὙὙενοῦσιν

511 2663 594 2714 pr.
630 2652 676 2696 1.
720 2633 891 2717 ἔσχον
919 2649 971 2697 5.

346 2757 470 2806 410.
507 2772 614 2815 μου
642 2771 750 2810 om.
780 2758 836 2806 4.
890 2742 1013 2826 post
1049 2749 1129 2808 τῶ
1160 2749 1280 2831 ’φθ.

514 2847 710 2906 Contra
734 2872 835 2913 μου
863 2845 934 2904 τὸ
956 2873 1056 2927 πρ.
1085 2858 1139 2904 5.

343 2961 468 3006 411.
505 2949 591 3008 ἐπ.
623 2956 760 3032 σοφ.
790 2957 927 3012 solus
950 2964 1003 3011 3.

344 3058 470 3104 412.
506 3044 599 3106 α’θ.
641 3074 710 3106 τε
750 3049 834 3107 καὶ
877 3044 1065 3112 ἄλλοις
1106 3049 1192 3110 ἔλ.
1227 3065 1279 3112 4.

509 3139 724 3214 (ἄλλοις
773 3170 835 3204 ex
895 3170 997 3204 em.
1057 3172 1126 3205 m.
1178 3153 1283 3224 pr.)

509 3245 604 3299 Gl.
647 3237 838 3306 ἄλλοις
881 3254 934 3300 3.
978 3248 1028 3302 in
1066 3270 1170 3322 quo
1215 3248 1284 3308 ὠς

508 3332 922 3409 (ζῶν-μνήμων
948 3356 1068 3416 post
1110 3347 1282 3401 addita

510 3459 540 3491 a
569 3459 643 3492 m.
672 3460 748 3511 pr.

342 3540 466 3587 414.
502 3530 698 3602 κάμνης
722 3546 776 3594 4.
802 3541 854 3594 6.
887 3532 1009 3604 μήθ’
1033 3539 1279 3617 quinque.

870 278 1326 333 coLLA'rxo
1393 279 1801 336 NUBIUM.

1541 447 1635 512 οὖν
1675 457 1728 532 ῥ.
1772 464 1827 512 5.
1868 448 2013 520 μήτε
2057 444 2231 528 ῥιγῶν
2268 460 2324 511 8.

1552 546 1684 618 μήτ’
1710 547 1799 627 dp.
1842 554 1946 619 (vel
1976 544 2145 617 μήτε)
2179 570 2288 606 sex.

1385 648 1508 700 416.
1543 643 1599 701 ἆ.
1629 645 1717 702 καὶ
1740 648 1850 702 τῶν
1874 640 1968 703 ἄλ.
1993 668 2059 721 Ὗ.
2082 642 2172 703 α’ν.
2196 656 2252 703 4.

1384 747 1509 800 417.
1546 742 1798 817 κρεῖττον
1816 743 1887 813 gl.
1909 763 2063 815 supra
2081 736 2325 813 βᾶλτισ·

1551 858 1651 891 τον
1679 838 1728 891 in
1753 839 1806 892 6.
1834 841 1924 892 sed
1949 852 2001 892 et
2023 846 2149 900 429.
2171 858 2326 910 supr·

1546 926 1797 1009 ἄριστον.

1381 1034 1505 1083 418.
1542 1024 1785 1101 ’γλώσ-σῃ
1809 1040 1862 1086 5.

1381 1131 1506 1187 419.
1547 1117 1970 1182 δυσκολοκῦντου
1986 1130 2042 1184 6.
2059 1131 2109 1194 (ν
2127 1138 2325 1201 puncto

1547 1225 1721 1277 damn.
1796 1226 1887 1278 sed
1934 1227 2012 1299 ‘ab
2073 1224 2191 1291 alio,
2266 1236 2324 1281 ut

1547 1318 1740 1377 crede.)
1769 1342 1837 1375 τε
1863 1341 1970 1375 om.
1999 1330 2052 1380 4.

1380 1422 1504 1469 420.
1543 1411 1759 1491 τρια-ιβ.
1787 1426 1832 1470 1.
1858 1413 2091 1493 θρυμβε.
2124 1404 2320 1474 omnes.

1545 1520 1619 1578 (2.
1650 1533 1712 1565 ex
1743 1534 1847 1568 em.
1877 1515 2198 1582 correctoris,
2224 1535 2319 1587 pro

1546 1603 1776 1684 θυμβρε.

1547 1698 1750 1778 θρῦμβ
1770 1699 1817 1759 ἐ.
1840 1705 2036 1763 divisim
2059 1712 2113 1763 3.
2140 1708 2319 1765 Primo

1548 1796 1790 1876 θρυμβρ.
1815 1804 1889 1863 4.)

1380 1907 1506 1954 421.
1541 1891 1694 1953 ἔνεκα
1723 1918 1810 1951 sex
1837 1918 1960 1953 mss·

1379 2001 1501 2048 422.
1537 1983 1778 2059 οὖ-’ἤδη
1817 2001 1864 2046 1.
1891 1999 1944 2048 4.
1968 1993 2021 2047 6.
2065 1984 2132 2059 δὴ
2155 1987 2208 2047 τ’
2228 1983 2322 2049 οὖν

1546 2080 1729 2156 --“’δη
1770 2088 1884 2153 (sic)
1929 2097 1981 2145 2.
2037 2083 2316 2146 οὖ--εἶναι

1545 2195 1598 2241 3.
1621 2196 1676 2242 5.
1733 2181 1861 2241 ἀλλ’
1901 2180 1988 2243 ὅτι
2033 2197 2087 2241 et
2131 2177 2320 2242 οὐδένα

1539 2262 1740 2337 omnes..
1781 2283 1926 2360 Χορ.
1959 2285 2109 2356 praef.
2152 2283 2318 2339 versui

1542 2383 1596 2434 6.

1375 2481 1497 2530 423.
1536 2497 1631 2550 τρ.
1664 2475 1849 2530 ταῦτα
1889 2484 1944 2531 3.
2008 2474 2175 2532 ταυτὶ
2211 2498 2312 2553 τρ.

1870 1629 2051 1665 manus
2119 1612 2316 1685 primae.

1538 2577 1592 2624 4.
1646 2568 1803 2625 τουτὶ
1856 2566 1925 2626 ‘td
1974 2592 2132 2649 χ.··-
2148 2571 2313 2629 ταυτὶ

1542 2689 1638 2743 τρ.
1667 2671 1720 2723 6.

1377 2765 1484 2818 Pro
1511 2772 1633 2820 424.
1660 2766 1728 2819 ita
1759 2775 1812 2822 5.
1854 2758 1957 2823 0ὖὲ
1987 2760 2054 2823 ἂν
2086 2759 2315 2846 διαλεχ-

1540 2861 1686 2928 θείην
1718 2859 1777 2936 ’γ’
1811 2860 2053 2941 ἀτεχνῶς
2088 2861 2187 2922 ἀπ’
2220 2862 2317 2922 αὖ·

1540 2960 1651 3014 τῶν
1677 2952 1866 3016 οὐδενί.
1890 2974 1942 3017 et
1962 2983 2119 3034 supra
2134 2958 2316 3019 αὐτῶν

1540 3058 1611 3129 gl.
1639 3059 1751 3114 τῶν
1777 3051 1965 3115 ἄλλων
1987 3058 2144 3116 θεῶν.

1373 3161 1500 3210 425.
1541 3155 1602 3209 Ιιι
1631 3163 1685 3210 3.
1734 3148 1804 3211 ἂν
1852 3143 2041 3227 postea¹
2067 3157 2313 3223 insertum

1535 3264 1653 3306 ante
1681 3249 1919 3319 ἐπιθείην
1955 3256 2104 3327 cujus
2137 3255 2316 3309 ultima

1543 3368 1607 3403 ex
1632 3369 1736 3404 em.
1768 3344 1899 3405 -ὖειν
1919 3353 1972 3407 6.
1991 3371 2024 3404 a
2041 3371 2114 3406 m.
2134 3371 2212 3423 pr.
2239 3355 2313 3414 (et

1540 3454 1594 3502 4.
1645 3447 2312 3516 mamutiumvel

1542 3543 1764 3605 contra).

343 3636 465 3686 415.
500 3627 644 3696 μήτε
664 3654 739 3705 7⁶·
753 3634 808 3710 ῥ.
840 3644 889 3688 1.
911 3642 962 3690 2.
985 3644 1038 3693 4.
1060 3636 1116 3692 6.
1146 3632 1278 3702 μήτ’
1371 3644 1496 3693 428.
1533 3634 1594 3711 ’γ’
1620 3659 1725 3694 om.
1756 3646 1808 3695 3.
1875 3639 2095 3698 Versum
2135 3638 2208 3695 ita
2253 3647 2307 3697 5.
