2522 4100
445 288 510 351 iv
1149 324 1619 373 PRAEFA'rio.

447 468 663 532 sensui
734 482 1093 546 nocentes;
1197 496 1478 558 quorum
1551 473 1708 536 illud
1770 494 1905 535 non
1965 495 2130 550 raro,
2201 476 2329 541 hoc

448 600 651 664 semel
683 611 880 687 atque
912 602 1147 667 iterum
1183 604 1435 668 accidit.
1525 602 1904 667 Posterioris
1950 606 2329 691 exemplum

446 743 543 796 est
632 734 909 798 verbum
1010 741 1235 810 ποιεῖν,
1333 735 1465 807 cui,
1559 734 1961 819 ubicumque
2051 736 2334 820 primam

447 863 735 950 corripit,
784 864 1041 928 tertiam
1077 865 1328 929 literam
1364 864 1590 936 demsi,
1639 864 1917 927 docente
1970 865 2128 928 olim
2173 864 2332 930 Por-

447 1011 610 1054 sono
665 991 756 1054 ita
793 991 1031 1076 jubere
1079 991 1334 1054 codices
1383 1002 1448 1053 et
1495 989 1975 1074 inscriptioneS.
2057 990 2334 1058 Utinam

446 1119 678 1182 eodem
696 1118 849 1203 jure
879 1139 1033 1182 usus
1063 1139 1271 1182 essem
1307 1117 1375 1180 in
1419 1114 1639 1191 οὐδεὶς,
1686 1115 1921 1197 μηδεὶς,
1969 1128 2038 1183 et
2068 1117 2194 1183 οὐδ’
2225 1116 2332 1196 εἷς,

446 1250 586 1331 μηδ’
626 1247 728 1327 εἷς,
772 1252 837 1314 in
881 1250 1113 1314 αὐτίκα
1157 1246 1344 1328 μάλα
1378 1260 1443 1312 et
1486 1250 1936 1330 αὐτικάμαλα,
1984 1261 2052 1315 et
2098 1250 2329 1316 forsan

445 1384 623 1459 aliis3
718 1384 1076 1470 praesertim
1140 1384 1207 1446 in
1270 1383 1524 1447 articuli
1586 1384 1896 1461 crasibuS,
1955 1407 2105 1471 quae
2166 1366 2330 1450 mire

447 1510 720 1575 variant.
780 1511 938 1575 Duo
972 1523 1195 1575 tamen
1228 1512 1309 1575 ad
1341 1512 1680 1600 vulgatum
1722 1513 2044 1578 scribendi
2076 1534 2331 1579 morem

447 1645 694 1720 reduxi,
763 1617 1014 1708 deserto
1077 1645 1498 1732 apograph03
1581 1667 1818 1731 nempe
1881 1651 1901 1707 ῖ
1962 1647 2332 1734 subscripsi,

450 1779 627 1862 quod
709 1777 798 1841 ibi
855 1778 1263 1841 dimidiatum
1331 1779 1695 1853 ascribitur,
1774 1790 1850 1843 ut
1917 1779 1985 1842 in
2056 1778 2335 1846 Hecuba

450 1901 734 1965 editione
767 1903 1157 1976 novissima3
1202 1914 1268 1965 et
1293 1925 1722 1987 personarum
1749 1907 2208 1971 distinctiones
2218 1929 2337 1994 per

450 2036 800 2100 nominum
833 2037 1077 2120 primas
1108 2035 1325 2099 literas
1341 2035 1657 2111 indicavi,
1693 2058 1827 2100 non
1862 2058 1979 2121 per
2008 2039 2330 2123 puncta*.

588 2167 881 2231 Omnino
968 2166 1263 2239 Porsoni,
1349 2188 1483 2230 non
1552 2166 2035 2252 Aristophanis,
2122 2170 2335 2235 editor

452 2300 676 2365 haberi
707 2300 926 2365 velim.
1008 2300 1182 2364 Nam
1224 2300 1292 2363 in
1325 2300 1686 2385 posteriore
1725 2312 1910 2386 parte
1944 2301 2187 2393 fabulae
2217 2304 2330 2368 vix

452 2437 626 2502 aliud
687 2436 793 2522 egi
853 2457 1052 2520 quam
1115 2445 1187 2497 ut
1250 2435 1566 2497 librorum
1632 2435 1838 2498 bonas
1901 2435 2240 2514 lectiones,
2296 2460 2335 2502 a

454 2568 791 2634 Brunckio
823 2569 1084 2654 ejectas,
1119 2568 1249 2631 suis
1278 2553 1438 2631 locis
1470 2567 1903 2632 restituerem.
2285 2549 2288 2552 ⁴

590 2703 673 2767 In
704 2703 878 2766 notis
912 2703 1217 2766 codicum
1249 2702 1594 2766 varietates
1620 2702 1906 2766 studiose
1932 2705 2334 2782 enumeravi,

450 2847 521 2901 'et
561 2856 790 2899 omnes
830 2835 1412 2922 grammaticorum
1461 2847 1573 2899 aut
1613 2836 1890 2900 aliorum
1939 2838 2334 2924 scriptorum

457 2989 493 3030 e
549 2963 749 3030 Pluto
799 2965 1140 3029 citationes
1196 2966 1578 3042 memoravi,
1639 2988 1797 3051 quas
1844 2977 1957 3031 aut
1997 2968 2120 3032 viri
2161 2970 2338 3033 docti

544 3262 569 3285 ⁵*
598 3254 827 3315 Codices,
875 3251 1146 3316 praesertim
1190 3252 1502 3311 vetustiores,
1562 3254 1783 3302 Platonis
1840 3262 1889 3302 et
1946 3255 2168 3315 Luciani,
2225 3257 2348 3307 hanc

447 3347 641 3389 notam:
694 3342 939 3400 repetunt,
981 3333 1174 3398 quoties
1211 3340 1429 3382 mutatur
1469 3351 1689 3398 persona.
1760 3337 2008 3388 Porsonus
2046 3356 2131 3389 sua
2172 3339 2348 3405 cuique

446 3426 627 3485 puncta
651 3417 841 3466 tribuit.
894 3415 1119 3481 Exempli
1143 3415 1315 3479 gratia,
1339 3416 1467 3465 Plut.
1494 3423 1672 3471 73—5.

740 3509 873 3557 κακόν
908 3530 952 3556 τι
987 3510 1032 3570 μ’
1067 3509 1369 3575 ἑργοίσεσθον,
1407 3510 1496 3557 ουδ
1528 3510 1772 3573 ἀφήσετον
1751 3535 1787 3560 ν.

743 3592 798 3652 νηὶ
830 3591 936 3638 τούς
958 3590 1098 3648 ,θεοὺς
1134 3593 1257 3649 ἡμεῖς
1292 3590 1349 3649 γ’,
1385 3589 1464 3638 ἐοῖν
1496 3590 1662 3654 βούληι
1698 3611 1752 3651 γε
1788 3594 1875 3653 cni„

742 3668 935 3729 μέθεσθέ
968 3692 1039 3719 νυν
1073 3670 1253 3737 πρῶτ’;
1292 3669 1345 3727 ἢν
1380 3671 1474 3720 ι’δού
1505 3672 1748 3733 μεθιέμεν,,
