2522 4100
736 533 773 560 ff

576 579 884 662 πρόμολον)
934 589 1016 642 Ita
1045 590 1113 643 L.

415 683 568 739 1370.
606 677 836 758 ψυχράν
863 691 918 737 2.

416 781 569 835 1372.
606 769 848 853 φρικώδη
878 799 986 832 om.
1015 779 1084 833 A.

414 876 569 930 1373.
605 875 887 935 μελανοκυ.
946 876 1015 929 Α.
1088 879 1178 930 sed
1235 879 1346 932 vul-

572 979 742 1038 gatam
767 970 998 1038 agnoscit
1025 972 1096 1042 gl.

410 1066 564 1122 1376.
602 1058 942 1124 α’πολλιόνιος
974 1062 1094 1122 α’πό
1118 1070 1234 1125 τῶν
1255 1051 1342 1126 εὖ·

566 1150 788 1222 μενῖδων
847 1160 1019 1237 φησὶν
1080 1164 1212 1221 εἶναι
1292 1178 1338 1222 1.

567 1254 714 1326 Lege
739 1257 850 1312 τῶν
872 1252 1171 1324 τημενιδῶν.

404 1357 558 1410 1378.
593 1346 641 1405 θ’
676 1361 724 1405 1.

401 1453 558 1502 1380.
595 1437 787 1513 δαίμων
814 1449 865 1503 in
890 1441 1090 1519 δαῖμον,
1110 1454 1193 1514 vel
1217 1475 1336 1510 con-

562 1554 654 1610 tra,
696 1545 867 1600 statim
896 1559 1026 1602 mut.
1050 1549 1123 1602 A.

398 1645 552 1694 1383.
587 1662 692 1702 μου
737 1640 790 1694 in
840 1652 878 1695 t.
930 1663 1035 1698 om.
1087 1655 1138 1699 et
1180 1648 1334 1702 habet

555 1747 710 1808 supra
743 1731 859 1807 ξυν.
900 1739 971 1792 Α.

393 1838 547 1886 1385.
585 1825 895 1906 ὀρεσιγόοις
924 1834 1031 1889 sine
1060 1830 1180 1900 νῦμ.
1225 1839 1329 1904 (Ita

552 1928 774 1989 enotavi)
815 1930 886 1985 A.

387 2045 541 2097 1390.
577 2037 717 2091 Ante
741 2037 846 2093 εἲλ.
893 2049 1072 2111 quater
1104 2041 1150 2095 εἱ
1197 2051 1241 2095 l.
1267 2052 1320 2121 2.

385 2139 541 2192 1391.
578 2134 836 2210 κνεφαῖος
872 2144 916 2189 1.
950 2143 1001 2188 2.
1043 2136 1117 2189 Α.

383 2235 536 2291 1392.
574 2229 643 2287 εἷς
670 2224 775 2302 ἀγ.
813 2240 858 2284 1.
887 2231 958 2285 Α.
1002 2254 1135 2298 -μην
1162 2232 1231 2286 A.

381 2329 539 2385 1393.
577 2324 648 2383 εἰς
676 2326 747 2379 Α.
786 2336 833 2381 1.

862 2434 932 2463 αις

377 2490 534 2545 1394.
570 2481 935 2561 κουφοτάτων
963 2493 1068 2552 (αις
1097 2489 1235 2552 rub.)
1261 2503 1308 2546 1.

378 2587 535 2642 1395.
573 2582 746 2637 Semel
762 2574 924 2656 ἄχεα,
940 2595 996 2638 ut
1011 2585 1225 2654 videtur,
1241 2588 1310 2642 A.

377 2679 534 2738 1396.
571 2673 623 2730 τ’
656 2698 761 2731 om.
794 2678 869 2732 A.
908 2743 911 2745 .

369 2780 531 2836 1397.
574 2778 740 2830 ·λλον
769 2775 848 2829 bis
885 2787 931 2830 l.

374 2927 527 2982 1398.
568 2918 626 2976 ἐκ
642 2917 855 2998 κρητῶν
874 2919 991 3002 εὗρ.
1015 2936 1064 2980 1.
1100 2876 1213 2988 ἵδΖς
1233 2930 1302 2984 Α.

371 3020 527 3072 1406.
567 3009 848 3095 διαπύρους
903 3026 1018 3089 (sed
1067 3025 1140 3095 gl.
1194 3018 1305 3080 δια-

526 3115 673 3171 καεῖς
701 3109 998 3182 ἢδιπλοῦς)
1029 3130 1073 3173 1.
1103 3113 1212 3175 διπ.
1232 3124 1301 3177 Α.

528 3222 581 3265 et
607 3213 677 3283 gl.
710 3205 925 3272 διπλᾶς.
1008 3234 1010 3236 ·

367 3312 520 3365 1407.
555 3302 854 3380 ὀξυτάτων
883 3332 946 3365 ex
978 3332 1081 3365 em.
1111 3333 1184 3366 m.
1216 3335 1295 3385 pr.

525 3414 578 3458 et
605 3443 646 3474 ‚,
675 3406 709 3459 i.
732 3429 779 3461 e.
816 3431 897 3467 αις·
927 3429 1068 3480 supr.
1097 3414 1213 3464 rub.
1247 3421 1292 3465 1.

522 3494 777 3572 figarola-‘²
817 3504 851 3557 i.
881 3526 928 3560 e.
972 3527 1101 3565 -τας
1127 3506 1198 3562 A.

363 3598 517 3650 1408.
555 3591 700 3660 ὅπως
727 3593 796 3657 ἂν
830 3610 875 3657 1.
912 3602 982 3656 U.

1457 442 1611 491 1412.
1650 432 1817 493 αὑτὸν
1833 433 1936 511 ἀγ.
1973 448 2019 493 1.
2045 446 2100 494 2.
2132 437 2205 494 A.
2235 440 2389 497 Διον.

1614 537 1759 604 praef.
1804 534 1877 589 A.

1451 635 1604 683 1413.
1638 623 1813 705 ὅσπερ
1840 626 2144 696 «ἔκ-μόνως
2170 633 2242 688 A.

1449 728 1600 776 1415.
1640 724 1711 777 Et
1736 727 1830 778 Δι.
1874 738 1927 780 et
1953 748 2029 800 *γε
2057 747 2163 783 om.
2192 728 2266 783 Α.

1449 819 1599 871 1416.
1640 813 1746 885 τήν
1772 841 1876 875 om.
1906 831 1950 876 l.
1976 831 2028 877 2.
2060 824 2132 878 Α.

1446 919 1598 973 1419.
1643 914 1884 990 νεωχμὸν
1906 916 1976 972 Α.

1445 1015 1598 1062 1420.
1635 1004 1789 1069 ὅστις
1809 1012 1994 1083 prime,
2016 1025 2126 1069 tum
2144 1008 2295 1071 ὖπεν.
2309 1017 2379 1072 Α.

1442 1113 1596 1159 1423.
1637 1101 1904 1174 ἐπιθόμην
1930 1118 1984 1164 2.
2028 1111 2102 1166 Α.

1442 1206 1594 1254 1424.
1633 1197 1830 1260 ἑαυτὸν
1860 1209 1948 1260 sed
1978 1207 2052 1276 gl.
2097 1204 2299 1264 ἐκεῖνον
2330 1218 2374 1265 1.

1439 1302 1590 1351 1425.
1627 1293 1890 1375 πάρισθον
1920 1301 2044 1378 περὶ
2070 1304 2142 1359 A.
2168 1304 2307 1373 (sic).
2387 1365 2391 1369 ,

1438 1397 1589 1451 1427.
1626 1392 1899 1460 μεθῆσθον
1927 1406 1981 1451 2.

1435 1507 1587 1556 1428.
1624 1500 1899 1580 ἑχόμεσθα
1942 1519 1988 1562 l.
2025 1517 2078 1564 2.
2139 1510 2277 1567 Tum
2313 1503 2368 1570 ἔς·

1554 1614 1561 1619 ·
1591 1595 1690 1654 τόν
1724 1612 1770 1655 l.
1816 1603 1886 1661 εἷς
1914 1601 2015 1659 τὸν
2047 1615 2102 1662 2.
2149 1606 2242 1661 Gl.
2270 1603 2366 1663 ἐπὶ

1590 1695 1641 1748 in
1680 1707 1726 1750 1.
1769 1698 1852 1751 hic
1883 1711 1936 1753 et
1971 1708 2130 1762 1393.

1428 1812 1582 1866 1429.
1619 1797 1963 1863 διαπτᾶσθαι
1991 1821 2190 1865 servant
2225 1822 2272 1866 1.
2305 1822 2361 1868 2.

1586 1903 1672 1972 (ex
1715 1924 1819 1957 em.
1862 1913 1915 1958 2.
1987 1909 2078 1960 sed
2129 1928 2200 1962 m.
2256 1909 2362 1980 pr.)

1584 1989 1730 2073 ἆρχῆ
1800 2002 1902 2056 τοῦ
1970 2003 2075 2067 τῆς·
2148 1995 2360 2070 perficias·

1583 2085 1855 2168 δράματος
1891 2106 1934 2150 l.
1990 2092 2283 2174 σκάφηἈ.

1421 2209 1575 2258 1431.
1613 2200 1929 2283 κατωτέρω·
2007 2199 2192 2284 ἄφετε
2250 2207 2356 2270 τᾶς

1579 2297 1980 2376 πλάστιγγας.
2024 2300 2153 2381 Εὖρ.
2181 2306 2354 2382 χωρεῖ

1574 2410 1783 2452 —tum
1839 2420 1946 2454 om.
1995 2397 2125 2476 Εὖρ.
2189 2403 2348 2466 (Haec

1572 2494 1744 2547 omnia
1764 2496 1997 2566 agnoscit
2020 2499 2132 2553 sch.
2157 2499 2347 2571 marg.)

1569 2590 1639 2644 A.
1730 2638 1741 2641 ,

1411 2690 1561 2739 1433.
1600 2681 1690 2740 ὅτι
1726 2697 1772 2740 l.
1799 2696 1854 2742 2.

2294 2804 2319 2829 ν

1407 2849 1620 2905 1436·7.
1666 2844 1796 2925 Εὖρ.
1856 2851 1983 2907 Αἱσ.
2063 2845 2145 2919 ἦν.
2216 2855 2337 2910 Διο.

1562 2938 1707 3017 λέγε
1769 2947 1874 3001 sine
1921 2939 2047 3016 ἱδοῦ,
2107 2961 2161 3004 et
2214 2971 2335 3022 per·

1561 3061 1698 3096 sonae
1733 3055 1849 3097 ante
1883 3039 2008 3099 ἀλλ’
2043 3040 2089 3100 ἔ.
2134 3055 2188 3101 et
2224 3044 2333 3104 λα’-

1556 3132 1731 3206 [3⁶⁶0.-
1749 3141 1948 3194 omissae
1959 3145 2039 3196 vel
2047 3144 2270 3201 evanidae
2288 3157 2332 3203 1.

1559 3234 1684 3287 Διο.
1706 3231 2064 3304 Rufi—Alo.
2090 3232 2177 3306 ἦν.
2204 3233 2330 3298 ἰδού.

1552 3323 1697 3401 λέγε
1717 3339 1771 3384 2.
1802 3331 1930 3387 Αἱσ.
1948 3345 2065 3388 ante
2084 3327 2148 3400 ἦν
2174 3337 2327 3394 etiam

1550 3426 1621 3480 A.

1391 3526 1544 3573 1438.
1586 3515 1649 3592 ἐξ
1677 3516 1966 3596 ἀντιΎόνης
2001 3536 2050 3580 l.

1388 3622 1540 3670 1440.
1580 3610 1647 3674 αὖ
1676 3639 1739 3678 ex
1765 3641 1865 3677 em.
1897 3624 1969 3695 ej.
1999 3643 2072 3679 m.
2096 3633 2151 3679 2.
