2522 4100
481 256 657 333 (144)
1251 273 1605 313 Annianus.

570 408 685 456 752.
722 402 775 448 ln
802 399 1044 449 Heniochi
1070 415 1205 447 versu
1232 397 1382 463 νόμιζέ
1410 418 1465 444 σε
1491 396 1697 446 Grotius
1722 410 1771 459 p.
1798 396 1908 452 169.
1945 412 2058 444 casu
2093 403 2146 444 ut
2172 396 2381 454 videtur,

474 510 624 558 quum
670 493 880 558 νομίζετε
919 500 1049 542 notae
1092 490 1334 555 praefigat.
1403 489 1533 538 Illud
1577 497 1738 536 tamen
1782 489 1961 551 repetit
2004 487 2278 538 Brunckius
2315 487 2379 538 ad

473 585 625 649 Soph.
666 584 846 634 Electr.
869 594 917 634 4.
977 583 1193 632 Omnino
1239 580 1599 645 comparandus
1645 580 1926 629 Menander
1971 580 2383 646 Harpocrationis

471 695 517 729 v.
548 678 692 736 Φυλιὶ,
725 678 859 742 apud
896 675 1070 726 Cleric.
1104 691 1189 739 pp.
1217 681 1298 732 52,
1314 679 1395 723 54.
1443 673 1694 737 Integrum
1721 674 1883 722 locum
1917 673 2207 733 exscribam,
2231 681 2382 739 prout

472 779 629 820 exstat
664 771 714 819 in
756 787 864 818 mss.
908 768 1123 818 Cantab.
1166 766 1296 815 Bibl.
1337 766 1484 814 Publ.
1525 766 1590 813 D.
1627 773 1676 815 4.
1713 764 1795 815 63.
1845 773 1896 814 et
1932 766 2057 815 Coll.
2091 766 2228 816 Trin.
2269 767 2382 816 olim

473 862 711 911 Galeano.
760 856 1004 924 μένανδρος·
1043 856 1268 920 δυσκόλῳ.
1323 858 1409 914 τῆς·
1446 858 1643 913 α’ττικῆς
1684 856 1921 921 νομίζεται
1959 854 2069 905 εἶναι
2111 858 2199 906 τόν
2231 859 2383 907 τόπον

472 929 635 1018 <prowm
700 951 788 999 τᾶν
826 957 1047 1015 νυμφαΐον
1081 955 1335 1014 (νυμφιαΐον
1367 948 1528 1011 Trin.)
1571 949 1607 997 δ’
1641 948 1746 998 ὅθεν
1792 948 2092 1016 προέρχομαι
2130 952 2383 1015 φυλασιύν.

469 1050 732 1113 φιλόχορος·
751 1049 845 1093 &Q
877 1044 1008 1093 Edd.
1031 1045 1243 1103 Aldinae,
1266 1044 1513 1110 μένανδρος
1531 1045 1582 1093 δὲ
1603 1044 1732 1094 δυσκ.
1751 1066 1799 1094 τ.
1818 1065 1868 1094 α.
1905 1047 2073 1112 νομίζει
2096 1044 2204 1117 εἶναι
2228 1049 2383 1095 τόπον

469 1142 557 1199 τήν
600 1141 765 1204 φυλήν,
809 1140 971 1199 λέγων,
1016 1140 1103 1186 τόν
1149 1143 1385 1203 νυμφιαΐον
1430 1136 1467 1185 δ’
1490 1160 1531 1186 ο.
1555 1159 1601 1187 π.
1660 1141 1908 1203 φυλασίας.
1967 1141 2273 1200 Maussaclu,
2320 1139 2383 1188 τδ

470 1241 691 1300 νυμφαῖον
819 1236 971 1298 φυλήν
1014 1236 1106 1284 ἰών.
1165 1235 1356 1284 Nactus
1395 1234 1585 1283 scilicet
1625 1250 1793 1283 veram
1831 1234 2093 1284 lectionem
2129 1237 2379 1300 φνλασίων,

466 1328 597 1377 forte
621 1327 900 1376 distractam
924 1328 973 1376 in
1004 1329 1151 1391 φυλάς
1173 1329 1265 1387 ἰῶν,
1291 1328 1552 1392 supposuit
1573 1325 1743 1385 Φυλήν,
1766 1328 1903 1392 ‘quod
1929 1329 2075 1393 pejus
2098 1330 2382 1398 corrumpit

468 1423 732 1481 Bentleius,
781 1422 988 1480 Φυλήνδ’.
1061 1423 1228 1487 Magis
1255 1391 1420 1471 {tiam
1465 1423 1615 1471 miror
1659 1422 1749 1472 viri
1797 1425 1974 1473 summi
2023 1425 2271 1489 ¹judicium
2316 1426 2380 1476 de

464 1514 734 1579 prioribus;
773 1513 907 1578 quod
931 1530 1031 1562 non
1063 1513 1362 1578 protulisset,
1394 1514 1433 1561 si
1455 1514 1682 1577 inspecto
1705 1515 1962 1564 Gronovio
1987 1525 2263 1581 cognosset,
2286 1535 2376 1568 ms.

465 1603 742 1652 Mediceum
784 1603 905 1652 dare
945 1605 1182 1669 νομίζεται
1220 1607 1307 1650 τόν
1344 1606 1499 1650 τόπον
1539 1601 1647 1650 εἶναι
1687 1604 1774 1659 τήν
1808 1613 1863 1667 φ.
1918 1606 2014 1654 Vix
2053 1623 2178 1670 opus
2215 1616 2290 1657 est
2319 1617 2376 1656 ut

463 1696 655 1754 addam,
681 1696 828 1745 fuisse
853 1697 905 1746 in
929 1698 1135 1762 Dyscoli
1158 1677 1383 1762 prologo,

757 1806 842 1862 τῆς·
874 1805 1101 1861 Ἀττικῆς
1138 1804 1342 1868 νομίζετ’
1375 1802 1485 1850 εἶναι
1522 1806 1607 1851 τόν
1643 1803 1795 1862 τόπον

746 1896 910 1954 Φυλήν·
966 1897 1029 1944 τδ
1063 1903 1287 1960 νυμφαῒον
1320 1896 1357 1942 δ’
1393 1895 1498 1944 ὅθεν
1532 1895 1848 1962 προέρχομαι,

752 1988 1014 2035 Φυλασίων.

459 2087 622 2150 Fancy
649 2087 746 2135 this
775 2093 823 2136 to
855 2087 907 2134 be
942 2087 1110 2151 Phyle
1141 2090 1193 2135 in
1224 2089 1413 2138 Attica.
1464 2089 1546 2136 De.
1580 2089 1675 2136 hoc
1711 2086 1927 2151 genitivo
1960 2083 2070 2134 vide
2109 2087 2371 2139 Collation.

457 2179 584 2226 Rau.
608 2176 750 2228 1065.
790 2179 876 2228 ubi
900 2179 951 2227 in
982 2181 1102 2228 Ione
1129 2180 1277 2243 possis
1307 2180 1522 2245 quidem,
1546 2180 1630 2229 sed
1657 2180 1813 2228 minus
1838 2179 2114 2240 commode,
2151 2181 2369 2247 Μακραὶ,

456 2287 553 2319 non
596 2270 743 2338 ὄχθῳ,
786 2289 899 2320 cum
941 2272 1113 2339 χθονός
1146 2272 1376 2338 jungere.
1423 2273 1656 2338 Thucyd.
1693 2275 1734 2321 1.
1775 2281 1885 2323 114.
1939 2275 2024 2330 τῆς
2063 2252 2286 2331 Ἀττικῆς
2326 2275 2370 2324 ἐς·

825 2367 1132 2427 ἐσβαλόντες.
1157 2367 1284 2415 Vide
1304 2367 1528 2416 Matthiae
1550 2369 1643 2416 Gr.
1661 2369 1755 2417 Gr.
1772 2374 1951 2429 n.‚354.
1970 2384 2023 2432 p.
2036 2373 2151 2425 499.
2170 2367 2370 2432 νομίζειν

454 2458 549 2506 hoc
573 2476 666 2507 usu
689 2461 885 2532 solenne
912 2469 967 2508 ut
991 2463 1085 2509 Av.
1110 2459 1255 2508 1366.

453 2363 693 2411 Ἐλευσῖνα

503 2581 508 2584 ·
551 2572 664 2621 817.
682 2566 910 2614 'Videtur
933 2568 1182 2615 Porsonus
1208 2575 1295 2614 aut
1317 2568 1502 2632 χαλκὸν
1525 2575 1611 2615 aut
1633 2567 1817 2633 α’ργνρῷ
1841 2569 2127 2631 conjecisse.

554 2681 666 2724 818.
713 2675 810 2723 Sed
862 2675 1065 2722 ἅπαντες
1128 2678 1250 2733 ἡμεῖς
1275 2661 1279 2665 ’
1307 2673 1506 2732 ὤμνυμεν
1554 2672 1755 2720 Juntina
1801 2671 1950 2734 prior,
1996 2672 2359 2732 Brubachiana,

451 2765 727 2815 Brunckius
766 2781 793 2812 e
829 2742 919 2813 ms.
975 2765 1100 2812 Inde
1135 2764 1296 2828 potius
1335 2778 1479 2826 quam
1518 2779 1544 2809 e
1579 2763 1867 2811 Ravennate
1907 2749 2138 2812 habuisse
2174 2764 2368 2813 videtur

450 2860 765 2918 Invernizius,'
797 2870 827 2906 a
861 2860 1004 2923 cujus
1039 2867 1178 2908 textu
1209 2859 1369 2906 nullus
1402 2857 1649 2905 dissensus
1677 2863 1877 2905 notatur
1905 2856 1955 2904 in
1986 2857 2248 2907 collatione
2278 2874 2362 2906 ms.

449 2956 780 3004 MonacensiS.

551 3072 695 3115 1133.
733 3063 792 3111 «Bu
827 3070 941 3127 post
976 3059 1198 3127 τυγχάνω
1228 3077 1257 3109 a
1291 3062 1492 3126 tragicis
1519 3059 1683 3111 omitti
1713 3061 1933 3126 potuisse
1969 3060 2234 3110 ostendunt
2269 3061 2358 3109 viri

449 3160 584 3209 docti
626 3177 653 3206 e
700 3158 936 3222 Sophool.
983 3157 1167 3205 Electr.
1203 3154 1436 3206 46.’315.
1480 3160 1616 3219 (Eur.
1658 3159 1784 3206 Hec.
1806 3163 1923 3215 957.
1964 3155 2072 3206 loco
2109 3161 2359 3222 suspecto)

446 3260 496 3300 et
525 3258 787 3315 agnoverat
824 3251 1068 3298 Porsonus
1098 3264 1224 3297 anno
1262 3256 1406 3298 1802.
1445 3251 1633 3314 Opusc.
1659 3266 1746 3314 pp.
1770 3256 1982 3300 151—3.
2011 3249 2153 3314 *quod
2177 3249 2355 3298 mirum

445 3357 520 3398 est
558 3347 916 3413 praetervidisse
950 3347 1285 3413 Hermannum
1318 3346 1380 3394 ad
1420 3347 1574 3410 Soph.
1611 3346 1692 3409 Aj.
1717 3352 1764 3402 9.
1818 3345 1918 3394 Sed
1961 3346 2022 3394 de
2064 3345 2264 3395 comicis
2302 3353 2354 3395 et

443 3441 676 3490 orationis
710 3442 884 3490 solutae
915 3440 1249 3504 scriptoribus»,
1288 3440 1575 3489 sententiam
1607 3455 1744 3487 suam
1771 3423 1870 3488 non
1897 3439 2095 3488 videtur
2119 3446 2345 3487 mutasse.

441 3538 666 3600 Diphilus
688 3538 916 3587 Athenaei
940 3539 1026 3586 IV.
1057 3555 1108 3602 p.
1138 3540 1246 3587 165.
1279 3539 1331 3586 F.
1380 3538 1526 3587 facile
1550 3539 1764 3588 amoveri
1786 3546 1965 3604 posset,
1997 3538 2034 3586 si
2060 3538 2184 3586 nihil
2205 3527 2341 3586 aliud

442 3640 567 3682 esset
598 3635 875 3697 suspiciosi;
923 3634 1116 3694 Φαίδιμ’,
1152 3633 1210 3683 ὢν
1247 3633 1536 3700 ἐτύγχανεν.
1583 3635 1762 3684 Obiter
1795 3635 1943 3695 addo,
1977 3635 2136 3684 locum
2172 3631 2337 3696 Eurip.
