2522 4100
412 275 538 345 232
1069 283 1662 339 Lvsts'rRA'rA.

414 444 672 525 ἡρέσκετ’
699 444 767 505 ἂν
804 444 895 505 Fl.
927 446 1249 506 Christian.
1321 446 1581 527 ἠρέσκετέ
1611 451 1669 527 ·γ’
1700 450 1791 509 ed.
1826 448 2065 510 Kuster.
2137 448 2320 511 Pota

417 553 618 627 etiam,
661 552 860 636 ἤρεσκε
889 553 1026 613 τόδ’.
2298 554 2310 564 ’

541 679 678 739 514.
768 678 843 749 ἧδ’
871 676 926 741 ὃς
953 678 1020 737 ἂν
1055 679 1189 757 ἁνήρ
1223 679 1313 737 ed.
1362 677 1575 739 Venet.
1607 681 1904 759 probante
1940 682 2311 755 Christiano,

412 799 478 852 et
504 791 588 851 ita
617 790 707 849 ed.
742 788 1014 869 Bergler.
1185 788 1323 848 516.
1413 786 1635 866 ᾤμωξάς
1661 790 1719 867 ργ’

417 903 508 964 ed.
541 902 777 962 Kuster.
810 920 885 960 ex
916 899 1098 959 MSS.
1157 899 1291 959 Vat.
1324 908 1384 959 et
1416 901 1584 962 Voss.
1615 902 1719 962 sed
1764 901 2144 962 retinendum
2171 899 2323 979 ᾧμω-
2354 990 2357 994 ¹

1914 787 2065 851 ἔνδον
2114 792 2321 869 ἐσίγων

415 1014 502 1096 ζές
546 1012 628 1090 7⁹.
797 1010 935 1071 517.
1026 1010 1095 1070 F.
1143 1010 1512 1091 πονηρότερον
1554 1011 1758 1071 τούτου
1803 1011 2082 1084 βούλευμ’.
2167 1011 2322 1073 Vide

411 1125 572 1186 infra
600 1123 739 1186 705.
911 1121 1049 1182 519.
1135 1119 1374 1204 ἔφασκεν
1420 1123 1757 1200 ὑποβλέψας
1817 1121 2188 1184 Valckenaer.
2244 1124 2324 1185 ad

409 1227 700 1296 Herodot.
733 1233 838 1293 IV.
875 1233 1010 1295 162.
1111 1231 1253 1293 Vide
1288 1232 1509 1311 Opusc.
1544 1253 1647 1311 pp.
1678 1233 1846 1294 21-2.
2019 1233 2157 1296 523.
2246 1233 2317 1298 L.

351 1360 359 1365 '
417 1347 521 1409 ὅτε
568 1343 633 1417 δὴ
690 1343 731 1405 δ’
781 1346 940 1415 ὑμῶν.
1015 1344 1166 1404 Vide
1197 1346 1378 1426 Vesp.
1418 1346 1551 1407 121.
1640 1345 1803 1405 Eecl.
1837 1344 1971 1406 195.
2003 1344 2143 1406 315.
2177 1345 2317 1408 822.

413 1458 553 1521 526.
636 1465 792 1519 ταῖσι
851 1458 1095 1537 γυναιξὶν
1145 1458 1469 1517 Christian.
1529 1458 1620 1516 ed.
1667 1456 1906 1516 Kuster.
2010 1454 2176 1515 Suid.
2221 1460 2321 1516 ποῖ

410 1600 574 1634 ποτε.
694 1572 832 1633 527.
911 1571 1311 1651 ἀντακροᾶσθαι
1341 1570 1577 1630 Kuster.
1610 1589 1686 1628 ex
1715 1567 1898 1629 MSS.
1930 1567 2122 1627 vatic.
2188 1567 2317 1630 Pal.

410 1693 474 1745 et
514 1684 684 1743 Voss.
731 1682 951 1753 edidit;
997 1681 1207 1740 eodem
1251 1681 1430 1739 modo
1473 1679 1793 1739 Aristidem
1838 1676 2176 1738 emendavit
2203 1677 2318 1740 III.

404 1812 462 1873 p.
495 1793 635 1854 726.
723 1789 1175 1850 Valckenaerius
1205 1789 1466 1848 Diatrib.
1496 1788 1557 1846 in
1589 1788 1795 1866 Eurip.
1828 1785 2047 1847 XXII.
2088 1806 2151 1868 p.
2172 1786 2316 1849 249.

406 1903 659 1984 ἀντέχων
685 1920 796 1981 pro
823 1899 888 1961 ἂν
915 1898 1061 1981 ἔχων
1089 1908 1254 1959 recte
1283 1899 1674 1981 Musgravius
1710 1899 1771 1959 in
1817 1899 2088 1980 Euripid.
2132 1898 2316 1962 Herc.

408 2008 552 2076 Fur.
591 2011 723 2074 192.
770 2011 874 2072 ubi
903 2008 1057 2070 male
1088 2009 1156 2070 ἂν
1182 2006 1242 2071 ἓν
1268 2007 1414 2091 ἔχων
1442 2010 1684 2089 reponit
1712 2009 1994 2089 Toupius
2041 2009 2104 2071 in
2147 2008 2317 2071 Suid.

407 2123 520 2185 111.
564 2144 621 2204 p.
645 2123 748 2184 26.

529 2241 668 2304 530.
757 2239 1140 2313 scholiastes,
1173 2241 1309 2302 MS.
1342 2242 1520 2302 Trin.
1553 2245 1642 2302 καὶ
1688 2248 1873 2303 ταῦτα
1919 2243 2175 2313 κάλυμμα
2207 2249 2317 2325 φο·

401 2354 592 2436 ροῦσῃ.
681 2348 1059 2432 Legendum,
1122 2358 1246 2412 ΠΡ.
1301 2359 1486 2412 σιωπῶ
1526 2353 1662 2431 ’Ὑώς
1706 2355 1794 2412 καὶ
1839 2357 2024 2412 ταῦτα
2068 2352 2316 2426 κάλυμμα

406 2462 658 2545 φορούσῃ
683 2463 822 2541 Περὶ
849 2460 953 2529 τὴν
978 2460 1260 2539 κεφαλήν;
1299 2461 1374 2531 μή
1403 2467 1491 2521 νῦν
1517 2461 1670 2543 ζῴην.
1704 2467 1823 2521 ΛΥ.
1860 2459 1990 2520 ἀλλ’
2016 2464 2082 2520 εἰ.
2153 2459 2316 2523 Con·

403 2581 634 2634 textum
662 2570 923 2631 restituit
966 2562 1281 2629 Dawesius
1326 2566 1504 2628 Misc.
1535 2567 1684 2627 crit.
1733 2587 1792 2647 p.
1826 2569 1927 2629 76.
2015 2569 2315 2632 Personas

402 2681 804 2742 distinxerunt
817 2676 1118 2759 Taylorus
1133 2677 1297 2755 apud
1313 2674 1626 2756 Toupium
1644 2678 1787 2738 Cur.
1805 2677 2049 2741 Noviss.
2072 2681 2134 2741 in
2148 2680 2312 2743 Suid.
2404 2668 2405 2671 Ἴ

401 2813 463 2874 p.
495 2790 592 2854 82.
638 2800 700 2851 et
728 2790 1122 2852 Marklandus
1170 2792 1247 2850 ad
1296 2791 1505 2872 Eurip.
1558 2793 1773 2874 Suppl.
1808 2793 1950 2855 454.
2103 2801 2141 2829 “
2166 2797 2316 2859 Ver-

400 2904 545 2965 bum
587 2902 749 2962 istud
795 2922 931 2963 cum
983 2901 1204 2963 Dativo
1253 2905 1534 2977 occurrit,
1579 2905 1736 2965 Ran.
1775 2905 1950 2967 1165.
2039 2907 2166 2968 Liv.
2196 2907 2312 2969 111.

399 3011 500 3071 41.
528 3017 862 3090 negantem
889 3030 954 3071 se
972 3010 1220 3090 privato
1250 3013 1565 3074 reticere.”
1609 3015 1940 3076 Ponsomss
1969 3015 2036 3077 in
2056 3016 2310 3097 exempl.

399 3123 490 3183 ed.
534 3120 716 3183 Kust.
760 3121 921 3184 Bibl.
980 3120 1158 3182 Trin.
1210 3121 1358 3186 Coll.
1460 3125 1602 3186 Vide
1649 3125 1920 3205 Append.
1973 3126 2058 3187 ad
2113 3124 2307 3206 Toup.

390 3249 457 3308 p.
489 3229 631 3291 503.
676 3230 716 3290 l.
752 3231 844 3292 13.
937 3227 1160 3308 Opusc.
1197 3250 1307 3308 pp.
1340 3252 1513 3293 xclv.
1540 3232 1640 3293 22.
1813 3233 1951 3294 531.
2037 3230 2310 3306 ἐμποδίσει

402 3340 602 3401 Schol.
774 3341 912 3402 535.
999 3346 1203 3400 τοῦτον
1247 3342 1338 3400 ed.
1371 3342 1608 3401 Kuster.
1657 3349 1838 3402 recte.
2010 3341 2148 3403 539.
2235 3342 2305 3403 F.

398 3453 607 3533 αἴρεσθ’
639 3451 770 3532 ἄνω2
809 3458 1075 3532 γυναῖκες.
1248 3453 1446 3513 Antea
1475 3461 1800 3514 notaverat
1827 3453 1895 3515 in
1923 3452 2178 3526 schedis,
2222 3457 2307 3512 αἵ·

396 3569 563 3640 ρεσθε
591 3571 694 3629 νῦν,
865 3565 1005 3629 540.
1091 3593 1150 3626 τι
1194 3563 1330 3626 MS.
1377 3566 1554 3628 Trin.
1696 3565 1901 3629 543-8.
1972 3567 2132 3628 Hinc
2166 3583 2305 3644 sup-
