2522 4100
346 274 471 356 (34)

861 272 1328 328 ,coLLA‘rxo
1410 269 1818 326 NUBIUM.

513 451 566 500 3.
621 447 686 500 eit
739 464 842 500 em.
901 445 1125 517 quidem,
1194 444 1285 498 sed

513 542 747 614 agnoscit
773 543 887 597 sch.
920 562 993 595 m.

347 645 469 698 782.
502 629 546 693 ὦ
581 639 633 695 in
677 651 712 695 t.
755 659 859 695 om.
905 649 959 692 et
996 638 1150 691 habet
1189 655 1283 706 pro

347 838 468 892 783.

340 1029 449 1082 784

347 1521 451 1580 786

347 1730 451 1790 796

342 1942 465 2000 797.

344 2138 467 2194 798.

343 2234 467 2292 799·

280 2366 285 2370 ·
342 2333 466 2381 800.

345 2538 470 2591 806.

511 735 582 807 gl.
611 745 664 792 5.

505 827 577 888 ον’
604 827 664 904 ’γ’
695 825 759 887 ἂν
798 825 927 884 ἅττ’
957 822 1022 882 ἂν
1062 836 1117 884 4.
1180 821 1283 893 μοί-’-

510 927 619 987 θοις·
647 936 697 983 5.
726 930 775 982 6.

506 1014 570 1087 δή
606 1024 692 1077 νῦν
733 1044 795 1076 π.
840 1011 1122 1096 ἐδιδάχθης
1160 1028 1201 1076 1.
1230 1031 1279 1077 3.

510 1111 577 1184 δή
607 1140 682 1192 ’γε
723 1140 782 1173 π.
830 1110 1104 1174 ἐδιδάσκου
1131 1128 1182 1173 2.
1226 1118 1285 1173 τί

510 1208 654 1282 δῆτα
701 1240 767 1271 π.
811 1207 1084 1271 ἑδαδάσκου
1124 1228 1180 1272 4.
1227 1216 1286 1270 τί

512 1314 604 1369 νῦν
652 1313 980 1390 π.-χθης
1029 1321 1079 1366 5.
1144 1305 1283 1385 δήγε

510 1406 881 1488 πρότερον-
896 1433 1028 1466 σκου
1058 1412 1110 1464 6.

507 1516 869 1587 ματτοῦμεθα
888 1528 940 1575 5.
969 1517 1157 1584 μέντοι
1181 1542 1283 1575 om.

509 1620 562 1673 6.
605 1629 772 1687 (versu
801 1618 1061 1690 superiore
1097 1620 1286 1681 habet.)

504 1726 622 1804 *γάρ
652 1750 760 1783 om.
801 1736 852 1783 5.
925 1730 1066 1782 Tum
1094 1730 1153 1783 τί
1181 1724 1284 1802 ’Ὑώ

508 1835 563 1880 5.
594 1827 647 1880 6.
678 1829 849 1880 forsan
876 1826 980 1879 alii.

503 1932 845 2003 εὖστοματεῖ
875 1946 918 1991 1.
946 1958 976 1991 a
999 1957 1071 1990 m.
1090 1958 1171 2008 pr.
1196 1936 1286 1991 τεῖ

507 2034 561 2089 in
589 2041 639 2088 5.
668 2055 732 2088 ex
761 2054 862 2088 em.
893 2036 961 2107 ej.
992 2055 1063 2089 m.

506 2126 741 2205 εὐγενῶν
763 2134 834 2202 gl.
865 2141 919 2186 2.
944 2140 998 2186 3.
1022 2143 1077 2188 4.
1103 2138 1156 2188 5.

505 2223 679 2287 θέλεις·
703 2230 782 2284 vel
807 2251 885 2286 οις
908 2230 1074 2301 primo
1101 2238 1155 2283 5.

506 2319 677 2398 ἐξελῶ
721 2321 782 2398 *γ’
826 2321 993 2381 αὐτόν
1033 2323 1090 2381 ἐκ
1136 2335 1185 2381 5.
1233 2333 1283 2392 (e

508 2430 630 2486 799.
664 2423 802 2485 scil.)

506 2529 733 2588 ἅπαντα
781 2544 825 2588 l.
861 2543 914 2590 3.
948 2544 999 2590 5.
1049 2532 1300 2596 κελεύοις.
1336 2596 1338 2599 .

511 2639 564 2685 3.
593 2641 644 2688 5.
690 2635 783 2686 sed
807 2633 861 2686 in
889 2639 942 2685 3.
973 2655 1005 2696 η
1029 2654 1143 2704 sup.
1171 2638 1283 2688 rub.

508 2749 606 2800 pro
634 2749 734 2783 em.

344 2846 464 2903 809.
498 2834 816 2913 ἀπολάψεις
862 2848 908 2892 1.
946 2847 1002 2894 2.
1048 2848 1101 2894 3.
1142 2852 1194 2898 4.
1234 2844 1284 2896 6.

509 2938 583 3003 (in
613 2946 670 2992 3.
712 2941 883 2992 forsan
920 2959 984 2992 ex
1013 2959 1117 2992 em.
1146 2950 1283 2994 certe
1380 2995 1502 3042 832·

509 3037 577 3106 ej.
637 3055 708 3087 m.
795 3036 978 3089 Schol.
1038 3029 1285 3090 ἀπολαύ-

508 3153 634 3190 σεις.
679 3153 779 3206 Ὑρ.
814 3128 903 3185 καὶ
930 3126 1284 3204 ἀπολάψεις.)

508 3223 845 3285 ἀπολαύσεις
872 3231 973 3283 πλ.
1004 3222 1092 3283 ὅτι
1124 3238 1186 3284 ’5.
1233 3242 1284 3283 et

508 3345 613 3378 om.
646 3320 858 3400 ταχέως
893 3333 1015 3380 810.
1089 3325 1284 3380 Contra

508 3420 782 3478 πλεῖστον
808 3443 916 3478 om.
947 3429 1000 3476 3.

344 3535 466 3585 812.
501 3523 583 3584 ἔτ’
623 3553 730 3587 om.
781 3543 826 3590 1.
861 3544 916 3590 5.
975 3530 1193 3590 ἐνταυθὶ
1235 3545 1281 3589 1.

508 3622 565 3681 ἐν
595 3630 785 3683 ‘ram-«23
809 3639 862 3686 5.

1374 446 1498 496 ms.
1536 434 1637 499 τὰς
1663 445 1719 494 ε.

1373 539 1498 592 816.
1535 531 1597 608 ’γ’
1621 555 1730 591 om.
1765 546 1812 592 l.

1375 653 1499 703 817.
1537 666 1605 700 σε
1630 638 1769 702 ὅντα
1804 654 1861 701 4.
1905 664 2010 718 quo
2039 647 2212 701 forsan
2241 644 2322 700 tl·

1375 843 1501 892 818.

1377 941 1503 994 819.

1378 1050 1502 1097 820.

1377 1340 1474 1387 821
1489 1373 1501 1385 .

1378 1433 1500 1482 823.

1379 1527 1502 1580 826.

1379 1643 1502 1691 828.

1379 2610 1504 2656 830.

1540 740 1669 795 ludit
1693 750 1747 796 5.
1793 735 2034 817 νομίζεις.

1541 827 1606 902 δή
1638 844 1693 890 5.

1542 931 1630 987 καὶ
1660 953 1764 987 om.
1792 940 1847 988 3.

1542 1037 1759 1118 πρόσιθ’
1776 1050 1827 1100 5.
1855 1052 1907 1096 et
1923 1042 1992 1113 gl.
2013 1033 2315 1119 πρόσελθε.

1542 1133 1757 1213 πρόσιθ’
1806 1139 1859 1192 in
1909 1140 2023 1192 sch.
2070 1144 2121 1195 8.
2180 1134 2316 1216 πρό·

1544 1230 1697 1289 σελθ’
1713 1234 1779 1288 'in
1805 1247 1845 1288 t.

1540 1353 1596 1385 τι
1625 1327 1837 1406 πρᾶγμ’
1859 1340 1910 1386 3.

1542 1425 1647 1482 νυνὶ
1675 1418 1762 1480 δία
1792 1437 1841 1481 1.

1543 1515 1711 1579 δεῖνος
1736 1530 1793 1577 2.

1543 1633 1721 1688 Schol.
1739 1624 2043 1688 2.-ἄλλοι
2065 1625 2124 1688 δέ
2146 1635 2321 1711 φασιν

1545 1724 1613 1784 ὦς’
1657 1722 1814 1788 οὗτος
1855 1723 1886 1784 ὁ
1930 1718 2199 1804 διαγόρας·
2244 1712 2321 1784 3ιὲ

1545 1816 1813 1884 δᾶσκαλος·
1855 1817 1919 1892 ἦν
1961 1820 2065 1881 τοῦ
2108 1821 2320 1904 σωκρά-

1551 1913 1675 1982 &ove
1699 1945 1710 1977 :
1731 1952 1812 1962 —-—
1830 1917 2112 1978 Παλαιόνε
2157 1913 2215 1982 ὃς
2264 1919 2322 1979 ἓν

1547 2012 1852 2097 πανδοχείω
1881 2023 1980 2075 δῖε.
2052 2018 2250 2075 Similia
2269 2020 2320 2076 in

1552 2126 1598 2171 1.
1621 2125 1671 2171 3.
1697 2125 1750 2171 4.
1778 2119 1913 2171 unde
1930 2117 2160 2171 firmatur
2178 2116 2322 2172 Her·

1543 2215 1716 2268 manni
1726 2214 2019 2268 emendatio
2032 2207 2319 2290 Διαγόρας

1544 2332 1640 2383 pro
1685 2305 2117 2387 Ἀρισταγόρας.
2185 2309 2320 2364 Vide

1546 2409 1823 2462 Ruhnken.
1859 2408 1999 2479 apud
2031 2404 2317 2462 Tittmann.

1545 2526 1601 2575 p.
1639 2510 1757 2557 123.

1542 2600 1815 2657 τοσοῦτον
1843 2601 2097 2673 plerique.

1378 2705 1502 2752 831.
1540 2695 1746 2751 πείθειν
1788 2706 1834 2750 l.
1893 2699 1962 2767 gl.
1997 2690 2191 2772 ᾳῦτοῦς
2232 2691 2322 2752 σε’.

1545 2804 1597 2847 et
1663 2794 1829 2847 schol.
1921 2795 2065 2867 quod
2133 2813 2165 2847 e
2247 2792 2319 2849 C.

1546 2889 1856 2944 Brunckius.

1543 2987 1637 3042 Gl.
1685 3007 1839 3058 supra
1873 2984 2124 3064 φλαῦρον
2166 2987 2219 3041 in
2270 2995 2317 3040 1.

1546 3077 1781 3151 εὐτελὲς,
1837 3074 2051 3149 ἄτιμον,
2119 3077 2311 3159 μωρόν,

1546 3200 1659 3252 quae
1731 3180 1900 3234 sors'an
1970 3190 2173 3252 spectat
2253 3181 2319 3234 ad

1545 3277 1782 3353 φαῦλον.

1380 3383 1502 3430 833.
1541 3366 1613 3428 ὧν
1641 3394 1745 3427 om.
1781 3383 1826 3426 1.
1872 3368 2014 3450 ὑπὲρ
2043 3383 2096 3428 5.

1690 3485 1706 3495 -
1757 3485 1779 3510 υ

1380 3545 1503 3592 835.
1542 3531 1835 3592 καταλούε.
1868 3547 1914 3590 1.
1955 3539 2010 3604 (ϋ
2041 3539 2180 3591 mbr.
2218 3554 2312 3606 pro

2085 3629 2182 3693 Gl.
2219 3621 2313 3686 δα-

1546 3655 1647 3688 em.
1693 3645 1750 3687 ut
1790 3634 2004 3688 videtur.
