2522 4100
488 257 571 319 78

1203 267 1715 331 ΠΛΟΥΤΟΣ.

713 444 864 512 τοὺς
908 444 975 511 δὲ
1021 445 1305 523 πένητας
1365 455 1501 515 τῶν
1537 448 1894 538 Ιἀνθρώπων
1941 446 2255 537 ἁρπάζειν
2300 449 2451 537 πρῖν

1806 582 2207 647 καταθεῖναι.

893 712 1082 778 α’λλοὶ
1125 712 1394 803 φθείρου
1442 714 1550 778 καὶ
1594 712 1679 795 μὴ
1726 713 1987 803 γρύζειν

1070 838 1176 907 ἔτι
1222 842 1361 924 μηδ’
1408 848 1648 907 ὁτιοῦν·

891 982 965 1043 οὐ
1011 975 1141 1064 ’γὰρ
1187 977 1452 1055 πείσεις,
1503 977 1629 1041 οὐδ’
1676 976 1747 1051 ἢν
1792 975 2040 1066 πείσῃς.

482 1112 597 1178 Πε.

550 1277 663 1329 597.
699 1270 804 1339 πρὶν
826 1271 897 1318 καὶ
921 1292 962 1320 κ.
990 1271 1103 1320 Elb.
1123 1270 1172 1320 6.
1206 1278 1253 1319 et
1273 1271 1423 1320 schol·

481 1349 549 1400 ad
570 1357 683 1406 487.

549 1436 664 1488 598.
703 1430 810 1494 [De
833 1430 1125 1495 φθείρεσθαι]
1163 1429 1278 1477 vide
1295 1430 1424 1494 Tay-

480 1510 572 1560 lor.
615 1511 680 1559 ad
739 1513 1016 1576 Lycurgum
1085 1527 1136 1574 p.
1174 1517 1288 1560 328.
1360 1510 1422 1558 In

475 1591 641 1656 glossa
655 1589 830 1639 codicis
844 1590 1062 1639 Dorvill.
1082 1589 1217 1655 apud
1230 1591 1420 1639 Hemst.

479 1687 528 1734 p.
559 1670 671 1729 196.
708 1688 752 1719 c.
779 1679 825 1720 2.
879 1671 935 1727 δή
972 1673 1027 1717 αἷς
1069 1673 1254 1736 χοῖρος]
1301 1672 1421 1729 δίκην

479 1770 643 1817 χοιρος
666 1751 717 1811 (l.
739 1752 928 1817 χοίρου)
963 1751 1022 1799 C.
1047 1751 1108 1797 D'
1124 1750 1190 1799 O.

543 1827 733 1895 wisse]
816 1846 822 1853 ·

463 1940 466 1944 ι
542 1907 713 1974 ’γρύξῃς
760 1914 857 1956 tres
894 1910 1089 1972 primae,
1139 1914 1186 1956 5.
1242 1906 1308 1956 A.
1345 1908 1416 1956 Β.

476 1989 730 2054 Magister
752 2007 796 2036 v.
822 1992 1029 2054 φθείρου.
1062 1990 1239 2055 «γρύζεις
1266 1990 1321 2038 C.
1343 1990 1417 2038 D.

474 2067 524 2119 6.
581 2068 753 2134 *γρύξῃς
792 2067 898 2116 edd.
938 2068 1036 2116 Br.
1079 2069 1183 2117 Inv.
1239 2067 1420 2135 γρύζειν

475 2144 635 2193 Dorv.
675 2145 792 2194 Elb.
826 2144 1023 2194 Arund.
1063 2146 1266 2195 Cantab.
1299 2153 1342 2192 1.
1370 2152 1416 2194 2.

474 2221 793 2285 Phrynichus
831 2222 1048 2270 Belclceri
1077 2239 1133 2316 Ρ.
1159 2229 1208 2271 4.
1262 2224 1419 2268 Αὐτο-

473 2298 740 2364 σχεδίιναζε
774 2299 1012 2378 συ,ἡ’κειν
1048 2299 1132 2346 συ’;
1186 2299 1290 2346 α’ντι
1329 2321 1416 2346 του

1248 2383 1418 2428 Ἀττι-

474 2480 553 2506 κον
589 2480 650 2505 το
680 2461 875 2525 σχῆμα,
919 2460 1272 2526 απαρέμφατον
1310 2462 1415 2510 α’ντι

471 2377 732 2446 αυτοσχεδι
725 2380 819 2444 ἀζε
844 2401 899 2426 συ
925 2400 996 2425 και
986 2378 1073 2436 ιῆκ
1051 2399 1098 2427 κε
1120 2382 1181 2426 σύ

473 2557 847 2606 προστακτικου.
885 2538 1112 2604 ”Ομηρος’
1151 2543 1296 2587 αὐτοῦ
1319 2544 1415 2608 ἐρυ-

472 2618 646 2665 κακέειν
680 2619 768 2680 85⁶.
825 2619 931 2667 scil.
970 2619 1118 2668 Iliad.
1158 2624 1197 2668 ἒ.
1243 2622 1413 2672 262-4.

472 2696 533 2745 In
575 2698 798 2763 Sophocl.
839 2699 1087 2750 Phil.ss22.
1122 2700 1156 2747 οῗ
1187 2723 1265 2759 μοι
1301 2725 1414 2768 προ-

454 2777 650 2830 ,σελθιιῗν
673 2784 801 2837 σῖγα,
839 2782 1086 2839 σημαίνειν,
1140 2779 1242 2847 ἔχει
1282 2783 1415 2831 Por-

469 2855 837 2920 sonus'Opusc.
889 2874 944 2922 Ρ.
997 2864 1107 2916 194.
1167 2861 1263 2907 εἴτε
1309 2863 1412 2910 scil.

468 2946 719 3002 suppresso
753 2944 810 2985 ut
844 2940 896 2986 in
921 2939 1037 2987 locis
1058 2939 1230 2988 ibidem
1253 2942 1415 2990 citatis

462 3033 520 3081 Ρ.
560 3024 674 3065 218.
730 3011 948 3081 AEsehyl.
994 3018 1170 3084 Agam.
1220 3028 1405 3071 1405=

473 3106 617 3148 1412.
659 3098 734 3147 St.
751 3098 898 3164 δορὴ.
920 3098 1040 3149 OEd.
1061 3100 1116 3148 T.
1132 3107 1411 3156 525=517.

470 3168 568 3227 Br.
613 3179 813 3243 (Antig.
860 3184 940 3227 40.
987 3196 1043 3226 ex
1089 3179 1285 3240 emend.)
1350 3179 1411 3227 In

472 3258 675 3307 Cratino
722 3259 903 3308 Athen.
944 3260 1036 3307 IX.
1086 3277 1145 3325 Ρ.
1193 3266 1308 3310 385.
1357 3262 1411 3310 C.

467 3338 714 3404 ἐπερωτᾷν
736 3355 820 3387 ms.
852 3339 995 3404 Epit.
1021 3339 1081 3388 In
1105 3339 1236 3389 Nub.
1268 3346 1411 3391 1355.

470 3432 565 3465 non
588 3435 866 3483 spernerem,
902 3417 987 3476 ἤδη
1020 3418 1168 3479 λέγειν
1188 3421 1304 3485 πρὸς
1329 3420 1415 3467 τόν

469 3495 636 3560 χορόν.
669 3497 783 3546 Vide
801 3499 926 3547 Ach.
946 3503 1060 3547 415.
1098 3498 1414 3548 Pherecrates

471 3570 701 3637 Athenoei
739 3577 831 3624 111.
876 3594 934 3642 Ρ.
973 3584 1083 3625 111.
1129 3577 1200 3626 Β.
1247 3577 1408 3636 Ὦλεν,

468 3650 662 3714 ὀβελίαν
698 3657 860 3704 σπόδιν
893 3657 1044 3724 ἄρτου
1082 3658 1130 3707 δὲ
1154 3658 1221 3718 μή
1243 3679 1409 3725 προτι-

2313 979 2449 1046 6οο

890 1107 938 1175 ὦ
984 1106 1178 1173 πόλις
1211 1106 1518 1196 ”Αρ’γους,
1570 1105 1786 1172 κλύεθ’
1831 1104 1934 1170 οἷα
1983 1103 2170 1188 λέγει
2195 1131 2212 1182 ;

1504 1275 1611 1336 μᾷν.
1649 1272 1729 1320 Ita
1742 1289 1828 1321 ms.
1843 1272 1909 1322 A.
1934 1270 2066 1338 Lege
2081 1271 2286 1331 σποδεῖν,
2305 1270 2448 1338 quod,

1504 1355 1547 1400 si
1590 1368 1755 1400 sanum
1798 1358 1868 1400 est
1911 1351 2074 1410 Ὦλεν,
2123 1368 2216 1416 per
2258 1350 2450 1402 eandem

1504 1432 1697 1497 ellipsin
1711 1434 1805 1480 erit
1817 1422 2174 1496 erplicandum
2191 1429 2290 1487 Tu,
2303 1429 2450 1486 Olen,

1505 1513 1703 1560 obelian
1739 1528 1875 1568 vora,
1913 1519 2076 1575 spreto
2114 1525 2261 1575 pane.
2333 1507 2449 1558 Vide

1505 1593 1760 1658 Aristoph.
1787 1593 1908 1640 Pac.
1939 1597 2085 1640 1304.
2138 1591 2276 1639 Male
2298 1589 2450 1655 ἄρτον

1503 1674 1627 1720 citat
1651 1673 1933 1720 Piersonus.
1989 1671 2046 1719 Si
2061 1670 2215 1734 plura
2237 1668 2449 1734 exempla

1503 1753 1557 1799 in
1578 1768 1631 1798 re
1663 1753 1910 1801 notissima
1940 1749 2192 1806 desideras,
2228 1747 2335 1796 ride
2357 1747 2446 1797 Th.

1506 1831 1664 1879 Kidd.
1708 1833 1759 1878 in
1806 1831 2019 1878 Porsoni
2067 1829 2338 1893 opusculis,
2387 1844 2447 1892 Ρ.

1503 1914 1619 1956 254.
1679 1909 1952 1956 Por-sonum
1973 1907 2039 1956 ad
2063 1909 2216 1974 Toup.
2249 1923 2303 1970 Ρ.
2329 1913 2446 1957 481.

1502 2004 1635 2052 quem
1655 1989 1859 2044 memini,
1894 1988 2069 2036 cursim
2101 1988 2313 2051 inspecto
2342 1988 2446 2051 ipso

1501 2083 1733 2116 marmore
1759 2068 1918 2132 Sigeo,
1959 2068 2012 2115 in
2049 2065 2314 2116 Chandleri
2345 2081 2447 2115 seu-

1504 2149 1653 2196 tentia
1668 2148 2001 2211 permansisse.

1568 2237 1683 2286 601.
1721 2238 1921 2300 Repetit
1947 2239 2043 2301 Eq.
2068 2243 2182 2286 810.

1568 2315 1762 2363 Scholia
1802 2315 2044 2381 disiunge,
2088 2335 2227 2382 τραγι
2231 2315 2440 2368 κεύεταιι

1498 2395 1715 2453 -μετέι
1719 2406 1899 2451 ληπται
1946 2397 1975 2440 o‘
2022 2415 2102 2441 στι
2091 2397 2195 2460 ι’χος
2241 2393 2290 2441 ἐκ
2337 2395 2446 2455 Φοι-

1500 2497 1666 2522 νισσων
1702 2476 1791 2536 (350.
1850 2475 1907 2524 Si
1949 2475 2055 2525 haec
2091 2482 2205 2524 sunt
2248 2474 2443 2526 Thomae

1498 2556 1761 2621 Magistri,
1818 2556 2066 2620 manifesto
2112 2555 2287 2605 mutila
2329 2561 2443 2605 sunt

1498 2640 1599 2702 qius
1635 2638 1774 2685 verba
1809 2636 1920 2685 Ecl.
1945 2635 2060 2686 Ait.
2098 2653 2143 2685 v.
2179 2635 2329 2694 πόλις,
2369 2638 2443 2686 ita

1482 2718 1595 2781 fere
1630 2716 2009 2782 redintegranda
2024 2734 2043 2772 ,·
2114 2716 2377 2781 Εὐριπίδης·
2392 2715 2443 2765 ἐν

1496 2795 1711 2863 Ὀρέστῃ
1749 2799 1774 2825 *
1810 2800 1835 2825 *
1872 2795 1944 2842 καὶ
1989 2798 2039 2842 ἐν
2087 2795 2370 2854 Φοινίσσαις,
2404 2789 2444 2841 ὃ

1498 2874 1628 2921 πόλις
1652 2873 1792 2921 κλύεις
1814 2873 1848 2920 ἂ
1871 2872 2050 2940 πάσχω
2063 2892 2078 2930 ;
2121 2873 2195 2919 καὶ
2217 2875 2442 2940 'Apte-ro-

1497 2955 1657 3017 φάνης,
1706 2976 1738 3001 ω
1777 2951 1908 2999 πόλις
1932 2951 2136 3019 ’Ἄργους
2184 2952 2331 3000 κλνεθ’
2366 2948 2440 2998 οια

1495 3030 1647 3092 λέγει;
1707 3031 1791 3079 Ex
1847 3031 2010 3079 Oreste
2070 3033 2222 3080 citare
2270 3032 2442 3096 potuit

1493 3110 1717 3174 Ἀργείων
1763 3109 1894 3156 πόλις
1941 3116 2024 3167 49.
2081 3110 2201 3158 vela
2188 3109 2348 3170 ικόμην
2389 3108 2442 3157 δι’

1495 3188 1687 3247 ἄστεος,
1730 3187 1984 3257 Ξύλλογον
2019 3190 2200 3261 πόλεως
2237 3189 2441 3237 α’κοιίσας

1497 3273 1743 3323 719-20,
1802 3284 1910 3331 quae
1954 3259 2179 3332 inprimis
2223 3267 2292 3316 ad
2337 3271 2441 3332 qus

1488 3349 1793 3413 propomam
1801 3348 2023 3412 faciunt.
2082 3347 2145 3397 In
2169 3348 2440 3398 Phoenissie

1498 3425 1614 3475 620.
1647 3427 1863 3490 suspicor
1879 3441 1981 3473 eum
1986 3442 2085 3491 pro
2099 3426 2255 3493 πάτερ
2269 3427 2439 3493 legisse

1498 3502 1635 3558 πόλις,
1671 3521 1727 3553 ex
1766 3504 1883 3554 622.
1940 3503 2131 3554 Idcirco
2169 3510 2327 3552 autem
2360 3505 2438 3553 his

1495 3585 1771 3638 immoratus
1792 3599 1909 3642 sum,
1944 3582 2075 3648 quod
2082 3643 2086 3646 ι
2103 3584 2146 3632 si
2172 3583 2313 3631 semel
2330 3599 2438 3632 eon,

1491 3668 1584 3712 stet
1600 3661 1658 3712 de
1674 3662 1763 3712 hac
1781 3663 1971 3724 lacuna,
1984 3663 2235 3713 maximum
2240 3661 2435 3728 pondus
