2522 4100
397 260 526 324 200
1015 263 1713 316 EchESIAzusffl.

437 431 443 435 ’
538 429 675 492 530.
762 437 1011 503 μετῆλθε
1076 433 1320 492 Kuster.
1380 433 1759 511 improbante
1818 429 2179 491 Marklando
2207 430 2308 497 ”nd

396 535 606 618 Eurip.
641 540 847 620 Suppl.
869 543 1010 602 670.
1177 541 1315 600 536.
1385 543 1446 599 ἵν’
1477 542 1772 609 ἀλεαίνοιμι
1804 540 1989 599 edidit
2017 539 2310 607 Kusterun

395 670 471 712 ex
499 653 685 713 Suida
710 675 765 714 v.
789 657 1106 725 ἀλεαίνοιμι.
1279 654 1416 715 539.
1508 655 1686 714 Delet
1713 658 1796 714 καὶ
1826 654 1906 713 T.
1928 653 2144 712 Faber.
2173 649 2308 728 κᾷτι

389 766 452 844 ,χ’
493 765 528 836 η’
574 768 636 840 β.
709 765 947 825 Kuster.
1002 772 1293 844 sequente
1342 765 1588 843 Toupio
1636 767 1697 826 in
1754 765 1917 823 Suid.
1952 764 2063 824 111.
2115 785 2175 843 p.
2207 763 2305 824 56.

392 870 596 931 Fabro
650 891 795 931 vero
851 873 1218 931 assentiente
1272 872 1415 934 Cur.
1478 871 1720 932 Noviss.
1781 873 1843 930 in
1893 871 2059 931 Suid.
2110 892 2172 951 p.
2203 872 2301 934 88.

405 977 548 1040 Vide
576 979 927 1041 Porsonum
954 979 1097 1041 ibid.
1135 1000 1200 1058 p.
1229 981 1366 1041 503.
1539 980 1677 1041 546.
1764 981 1843 1050 μοὶ
1877 981 1973 1041 Δί’
2004 979 2135 1040 ἀλλ’
2162 977 2309 1062 ἔφηις

389 1087 565 1167 ἔγωγ’
596 1091 819 1171 ᾠχόμην
853 1091 986 1150 Ald.
1158 1091 1297 1152 550.
1374 1090 1580 1159 κάθησο
1618 1090 1859 1151 Kuster.
1994 1089 2308 1160 κάθησον--τΙ

396 1199 700 1269 μασόμενος
731 1199 856 1276 (vel
881 1199 1158 1278 μασσόμ.)
1183 1220 1286 1259 ms.
1327 1199 1492 1258 Suid.
1518 1204 1709 1270 σηπία.
1754 1196 1872 1258 Ed.
1906 1180 2071 1258 Med.
2102 1195 2307 1281 aedom

396 1328 458 1371 ³⁷·-
515 1317 741 1382 σηπείας
787 1312 1150 1382 μασσώμενος.
1349 1311 1487 1371 565.
1572 1310 1702 1370 ὥστ’
1752 1307 1944 1387 ἔμοιγε
1995 1317 2159 1368 recte
2208 1307 2300 1370 ed.

388 1421 523 1481 Ald.
558 1421 939 1482 Francofurt.
1114 1422 1252 1483 570.
1339 1421 1559 1498 ι’γνώμης
1604 1421 1946 1481 Markland.
1977 1421 2054 1481 ad
2090 1419 2299 1499 Eurip.

388 1530 598 1612 Suppl.
633 1530 775 1592 547.
945 1533 1083 1593 573.
1172 1560 1230 1591 τι
1259 1551 1371 1611 pro
1400 1537 1489 1591 τοί
1519 1558 1592 1609 γε
1623 1532 1756 1591 Ald.

513 1670 650 1731 578.
739 1675 1019 1731 πλείστων
1058 1670 1260 1749 Toup.
1291 1670 1355 1729 in
1387 1669 1553 1730 Suid.
1585 1669 1700 1730 III.
1743 1690 1801 1749 p.
1831 1671 1974 1732 228.
2019 1672 2126 1732 sed
2152 1670 2303 1735 nihil

385 1798 551 1857 opus.
641 1777 984 1863 Thucydid.
1018 1779 1066 1837 I.
1101 1777 1197 1839 84.
1261 1776 1413 1845 αἰδώς
1441 1781 1796 1861 σωφροσύνης
1831 1787 2107 1842 πλεῖστον
2137 1778 2300 1851 μετ’-ε’-

384 1920 491 1972 χει.
577 1889 1064 1971 Subintelligitur
1098 1890 1325 1949 scilicet
1363 1891 1542 1971 μέρος.
1628 1891 1785 1951 Ran.
1833 1894 1974 1955 337.
2053 1899 2302 1976 χαρίτωι

384 2006 659 2061 πλεῖστον
687 1997 926 2080 ἔχουσαν
953 2000 1131 2079 μέρος,
1164 2019 1300 2077 quae
1322 2000 1626 2080 vulgatam
1658 2001 1801 2060 satis
1823 2001 2080 2062 firmant.
2153 2003 2301 2064 Obi-

381 2118 476 2170 ter
503 2129 780 2169 moneam
811 2110 1010 2169 locum
1043 2109 1466 2188 Aristophanis
1510 2110 1860 2183 Daetaleusi,
1907 2120 1975 2171 ut
2017 2113 2236 2174 citatur
2255 2120 2299 2187 a

384 2218 605 2278 Photio
649 2227 814 2277 recte
843 2218 984 2299 legi,
1028 2219 1179 2298 ‘mxv'
1211 2224 1300 2278 νῦν
1340 2218 1532 2292 πέτου,
1587 2239 1711 2278 non
1755 2218 1988 2299 Toupii
2040 2222 2295 2303 voixvvoy.

395 2326 538 2390 Vide
565 2330 835 2407 Append.
867 2331 951 2389 ad
988 2328 1182 2407 Toup.
1205 2351 1270 2408 p.
1295 2330 1378 2390 47
1382 2332 1419 2390 7
1425 2378 1437 2390 .
1593 2331 1731 2391 580.
1801 2330 1900 2391 Ad
1934 2330 2130 2406 Orest.
2150 2333 2293 2412 264.

383 2440 522 2502 583.
611 2439 774 2498 Citat
804 2438 1018 2496 Suidas
1048 2459 1101 2498 v.
1130 2439 1248 2499 ἀντ’
1276 2436 1471 2510 ἄλλης,
1508 2448 1793 2499 monente
1822 2438 2071 2520 Toupio
2101 2442 2289 2523 Epist.

382 2550 531 2610 Crit.
581 2570 642 2628 p.
673 2549 772 2609 27.
946 2549 1083 2610 588.
1173 2551 1325 2609 Vide
1370 2550 1529 2610 Plut.
1564 2551 1702 2615 556.
1792 2552 2059 2613 AEschin.
2104 2574 2162 2633 p.
2191 2555 2291 2617 47.

381 2658 473 2717 ed.
514 2655 768 2736 Taylor.
800 2683 853 2707 =
890 2655 984 2738 14,
1015 2656 1105 2716 13.
1197 2655 1283 2716 H.
1317 2656 1517 2735 steph.
1575 2657 1649 2717 In
1676 2679 1878 2739 marg.
1916 2661 2092 2723 1532.
2122 2660 2295 2739 addit

383 2762 698 2824 Demosth.
745 2760 898 2820 Mid.
930 2781 987 2840 p.
1020 2761 1154 2833 125,
1191 2763 1282 2823 13.
1375 2764 1554 2845 Tayl.
1597 2793 1650 2817 =
1696 2767 1839 2839 349,
1881 2768 1938 2827 9.
1991 2769 2081 2829 ed.
2132 2759 2290 2847 Par.

382 2870 523 2943 549,
559 2870 650 2931 12.
698 2869 904 2929 Reislc.
1078 2872 1216 2931 589.
1307 2875 1406 2933 τὸν
1435 2871 1476 2931 δ’
1505 2873 1611 2936 οὐδ’
1643 2876 1924 2954 α’κολοῦθῳ
1958 2877 2038 2937 T.
2071 2877 2124 2937 F
2126 2878 2287 2941 aber.

382 2981 521 3042 592.
609 2986 719 3042 τῶν
758 2978 848 3040 οὖν
882 2983 1172 3041 σπελὲθων
1201 2984 1279 3042 Ob
1311 2994 1584 3045 metrum.
1725 2987 1865 3048 601.
1953 2984 2113 3052 οὐδεὶς
2140 2985 2293 3049 οὐδὲν

381 3092 600 3152 Faber.
687 3087 850 3154 οὐδεὶς
877 3089 967 3152 οὖν
996 3094 1051 3153 ἐν
1081 3093 1321 3156 Kuster.

504 3233 644 3293 607.
730 3237 814 3292 καὶ
845 3234 1117 3309 βούλεται
1147 3243 1350 3297 τοῦτον
1379 3240 1755 3320 σκαλαθῦραι]
1815 3240 1970 3302 Dele
1999 3248 2200 3302 τοῦτον
2227 3247 2288 3302 et

379 3342 518 3424 lege
557 3343 852 3417 βούληται,
895 3348 1055 3427 quod
1095 3350 1390 3426 posterius
1427 3352 1609 3412 habet
1637 3355 1729 3413 ed.
1775 3354 2012 3415 Kuster.
2090 3360 2288 3415 τοῦτοιὸ

380 3475 621 3537 quoque
649 3457 808 3519 delet
836 3459 1053 3525 Faber.
1143 3461 1364 3522 Versus
1394 3473 1560 3524 recte
1588 3466 1845 3546 scriptus
1872 3466 2098 3547 legitur
2122 3465 2284 3543 apud

381 3562 546 3626 Suid.
591 3587 646 3628 V.
691 3571 1047 3652 σκαλαθῦραι.
1220 3569 1324 3635 Ex
1370 3574 1465 3635 ed.
1503 3574 1679 3638 1532.
1770 3575 1924 3638 De]e
1979 3581 2182 3636 τοῦτον
2221 3569 2283 3634 et

2496 539 2498 552 Ι

2496 553 2499 564 ι

2497 648 2500 655 ι

2498 660 2500 669 ι

2498 706 2500 714 v
