2522 4100
445 163 620 292 (i04)
1221 238 1577 279 ADDENDA.

437 370 492 416 In
526 367 809 432 Antiphane
840 369 980 419 velim
1017 370 1200 428 doceri,
1239 373 1381 436 cujus
1419 372 1589 422 farinae
1628 372 1691 420 sit
1727 371 1912 421 locutio
1950 374 2065 439 πρός
2096 374 2210 421 θεῶν
2245 394 2351 442 περ,

434 476 582 524 quam
610 477 669 510 ue
706 461 903 527 Reisigii
936 464 1136 528 quidem
1170 465 1292 513 livor
1323 465 1498 527 injuria
1533 465 1814 514 damnatam
1858 465 2167 516 insimularit.
2237 466 2357 516 Pro-

433 550 567 601 fecto
589 551 630 601 is
653 561 727 602 est
754 554 1075 613 Hermannos,
1102 555 1152 603 in
1177 572 1321 619 quem
1354 556 1656 618 petulantius
1681 556 1840 604 invehi
1867 556 2043 613 nolim;
2080 555 2166 605 sed
2201 556 2354 609 inter-

433 642 550 691 dum
587 643 863 693 subirascor
886 644 986 693 viro
1012 646 1190 694 eximio
1223 661 1356 694 suam
1383 646 1539 711 ipsius
1571 648 1915 697 auctoritatem
1942 647 2199 708 minuenti,
2235 649 2350 699 dum

430 734 593 784 studio
641 735 856 799 quodam
901 743 984 783 aut
1031 735 1148 785 odio
1194 737 1447 799 impulsus,
1496 738 1829 803 quodcunque
1876 739 2035 797 libuit,
2082 739 2173 790 sibi
2213 740 2351 791 credi

425 823 594 885 jubet.

525 925 641 976 375.
677 919 770 967 Sed
799 937 948 983 quum
975 929 1024 969 et
1044 921 1129 969 alii
1152 920 1273 971 dent
1295 921 1454 981 ἐθέλει,
1479 940 1575 973 non
1599 925 1779 974 invitus
1803 925 2096 991 reciperem.

526 1025 641 1076 379.
680 1019 925 1068 Porsonus
949 1020 999 1069 in
1019 1021 1227 1086 exempl.
1252 1022 1418 1079 Porti;
1455 1030 1483 1052 ‘⁴
1503 1024 1647 1084 Vide,
1675 1025 1715 1074 si
1737 1025 1861 1075 tanti
1884 1033 1971 1084 est,
1998 1027 2108 1077 Jac.
2129 1025 2350 1091 Duport.

428 1115 653 1164 Praelect.
674 1115 727 1163 in
752 1116 1089 1183 Theophrast.
1125 1119 1358 1199 Charact.
1383 1137 1434 1185 p.
1454 1128 1553 1177 327
1559 1127 1660 1172 .'’-
1671 1123 1897 1189 Respicit
1927 1124 2228 1175 Scholiastes
2250 1125 2351 1174 De·
2415 1134 2421 1145 '
2450 1144 2461 1151 ·

356 1266 361 1268 ἡ
424 1212 704 1271 mostheniS,
730 1229 773 1262 c.
798 1215 1012 1265 Timocr.
1037 1233 1090 1280 p.
1110 1223 1226 1266 450.
1246 1233 1293 1265 n.
1321 1223 1399 1274 75.
1425 1220 1582 1269 Paris.

523 1313 637 1359 385.
681 1308 911 1360 Pictorne
936 1328 998 1359 an
1025 1319 1170 1376 poeta
1190 1312 1336 1363 fuerit
1361 1315 1643 1380 Pamphilus
1667 1317 1866 1366 dubitat
1891 1318 2111 1368 Elmslei.
2138 1317 2340 1367 Heracl.

426 1412 504 1451 11.
1976 1417 1979 1421 '

517 1507 633 1551 388.
670 1501 751 1549 Ad
796 1500 994 1550 Suidam
1029 1519 1086 1552 v..
1124 1504 1306 1571 ἀπαρτὶ
1350 1504 1621 1561 Porsonus;
1668 1504 1996 1572 ,“Ἡρόδοτος·.
2026 1507 2090 1568 11.
2128 1510 2239 1556 158.
2291 1511 2346 1553 ut

420 1595 777 1645 restituendum
829 1613 890 1644 ex
950 1597 1292 1647 Grammatico
1351 1598 1752 1662 Sangermanensi
1809 1598 1944 1664 apud
1992 1597 2344 1649 Ruhnkcnium

414 1690 646 1739 Addend.
670 1690 733 1740 ad
772 1689 1016 1740 Herodot.
1050 1708 1099 1756 p.
1122 1698 1232 1750 182,
1250 1697 1334 1748 37.
1372 1690 1452 1740 ed.
1488 1691 1772 1756 Wesseling.
1821 1693 1878 1740 In
1915 1691 2068 1742 Suida
2104 1700 2156 1745 et
2192 1692 2342 1743 Scho·

410 1784 552 1833 liasta
573 1783 635 1833 ad
657 1783 910 1848 Aristoph.
936 1785 1066 1832 Plut.
1084 1790 1200 1834 388.
1238 1785 1346 1850 lege
1369 1801 1429 1834 ex
1453 1784 1714 1834 Herodoto
1739 1785 1927 1834 στάδιοι
1950 1791 2032 1836 a.’'

510 1886 628 1937 398.
665 1880 800 1930 Citat
822 1881 1190 1929 Grammaticus
1217 1881 1487 1930 Hermanni
1511 1898 1563 1945 p.
1583 1881 1699 1931 386.

514 1985 630 2028 421.
671 1978 834 2041 Hujus
868 1977 962 2046 loci
997 1985 1050 2026 et
1073 1979 1197 2026 Ran-
1224 1984 1340 2035 819.
1388 1977 1500 2025 οὔτε
1535 1978 1628 2044 γάρ
1667 1979 1927 2036 Ἀθηναίοις
1965 1976 2232 2044 ξυνέβαινεν
2259 1980 2343 2026 Αἷ-

411 2074 609 2141 σχύλος,
641 2074 826 2124 oblitus
861 2082 938 2122 est
973 2075 1219 2123 Porsonus
1253 2073 1392 2138 praef.
1433 2075 1563 2123 Hec.
1593 2090 1644 2137 p.
1678 2080 1754 2128 17.
1810 2081 1865 2122 ut
1901 2081 2040 2123 notat
2074 2075 2340 2126 Elmsleius

407 2175 606 2235 (Quart.
634 2174 753 2223 Rev.
778 2174 937 2235 XIV.)
974 2172 1036 2221 ad
1075 2173 1251 2237 Suppl.
1275 2179 1386 2223 158.
1431 2171 1515 2236 qui
1547 2170 1744 2219 omnino
1779 2171 2129 2222 consulendus.
2181 2172 2338 2222 Addit

410 2267 586 2317 Alexin
612 2268 844 2317 Athenaei
865 2269 905 2316 I.
945 2284 997 2332 p.
1018 2274 1099 2317 23.
1133 2269 1197 2316 D.
1219 2267 1305 2315 IV.
1330 2283 1380 2331 p.
1404 2273 1516 2316 125.
1543 2266 1598 2314 F.
1618 2265 1763 2312 XIII.
1801 2280 1852 2328 p.
1880 2262 1996 2314 562.
2021 2266 2080 2315 B.
2126 2265 2339 2314 Menan-

406 2363 548 2413 drum
571 2365 715 2412 VIII.
751 2380 799 2426 p.
819 2362 935 2412 364.
975 2365 1035 2410 E.
1102 2361 1282 2426 quibus
1318 2361 1497 2424 adjicit
1541 2360 1787 2425 Reisigius
1829 2376 1878 2424 p.
1908 2367 2019 2413 134.
2077 2359 2335 2426 Aristoph.

405 2455 657 2519 Tagenist.
689 2461 769 2505 23.
803 2455 938 2519 apud
971 2456 1211 2519 Harpocr.
1235 2472 1282 2502 v.
1327 2454 1610 2520 ἀπολαχεῖν.
1667 2452 1720 2500 οὗ
1751 2453 1842 2509 μήν
1869 2451 1897 2498 ὅ
1924 2471 1980 2512 γε
2017 2451 2100 2500 σός·
2128 2452 2334 2518 ἀδελφὸς·

408 2548 462 2598 οὗ
506 2549 861 2616 α’πελᾰγχανεν.
926 2550 1004 2597 Ita
1050 2556 1100 2597 et
1146 2566 1232 2597 ms.
1283 2549 1398 2598 Gal.
1473 2550 1636 2596 Locus
1681 2554 1958 2612 corruptus.
2035 2548 2152 2612 Ipse
2197 2547 2334 2597 addo

404 2644 739 2693 Philemonem
777 2644 915 2691 Stob.
966 2644 1179 2692 Heeren.
1219 2659 1304 2708 pp.
1330 2650 1412 2699 70,
1439 2649 1553 2691 284.
1591 2640 1790 2703 (Cleric.
1814 2657 1867 2705 p.
1889 2644 2027 2703 338.)
2067 2639 2182 2690 οὔτε
2229 2643 2332 2691 θεὸς·

405 2738 504 2787 οὔτ’
538 2739 795 2805 ἅνθρωπος.
847 2738 1075 2787 Eundem
1103 2740 1239 2788 Stob.
1271 2739 1330 2787 C.
1361 2754 1412 2801 p.
1435 2744 1635 2795 551,20.
1664 2738 1819 2797 (Cler.
1842 2753 1894 2801 p.
1914 2736 2051 2799 356.)
2089 2736 2200 2786 οὔτε
2235 2738 2331 2806 γάρ

372 2835 374 2838 ’
402 2834 581 2901 ἱατρός.
622 2832 719 2882 Sed
744 2833 922 2898 Eurip.
947 2834 1131 2882 Bacch.
1155 2840 1271 2883 285.
1307 2849 1515 2881 numero
1536 2831 1707 2880 eximit
1731 2833 1979 2879 Porsonus
1997 2830 2124 2880 Adv.
2141 2848 2192 2897 p.
2211 2830 2328 2882 264.

402 2932 481 2979 De
517 2932 609 2978 Av.
637 2928 781 2979 1613.
827 2928 940 2977 vide
976 2945 1063 2977 suo
1103 2929 1235 2977 loco.
1285 2927 1495 2992 Simylus
1535 2925 1721 2975 Stobaei
1757 2925 1942 2973 LVIII.
1985 2941 2037 2990 p.
2062 2931 2179 2984 378,
2204 2932 2256 2989 7,
2274 2933 2325 2985 9.

1179 3024 1290 3071 οὔτε
1338 3024 1450 3070 πάλι
1486 3024 1637 3090 τέχνη
1683 3023 1911 3085 (Porsen.
1943 3020 2075 3069 Adv.
2115 3037 2167 3086 p.
2193 3025 2331 3084 304.)

400 3032 536 3091 (229.
540 3029 559 3087 )
582 3046 634 3072 ον
616 3024 695 3072 ’‘w-e
727 3026 859 3090 φυσις
898 3026 1042 3083 ἱκανη,

400 3138 499 3171 non
544 3128 620 3169 est
669 3122 824 3169 Poeta
870 3119 1083 3168 Atticus.
1164 3119 1284 3167 Tria
1330 3119 1439 3183 ejus
1483 3119 1591 3166 loca
1638 3116 1853 3164 indicant
1899 3114 2229 3164 Schneiderus
2273 3123 2326 3164 et

398 3212 813 3278 wyttenbachius
850 3211 913 3259 ad
950 3211 1199 3260 Plutarch.
1226 3210 1288 3258 de
1313 3209 1473 3258 Educ.
1499 3226 1549 3274 p.
1570 3217 1618 3258 2.
1647 3211 1710 3257 A.
1766 3208 1888 3256 Mox
1918 3206 1965 3254 in
2004 3206 2178 3255 eodem
2214 3185 2325 3271 lege

397 3313 508 3375 εὕφυ
511 3312 540 3367 ἦ
562 3307 731 3377 χορόν.
757 3310 814 3357 In
837 3310 954 3357 Eur.
977 3307 1213 3357 A.ndrom
1235 3307 1346 3365 867.
1385 3329 1419 3353 ω
1444 3314 1545 3365 παῖ,
1571 3307 1647 3365 τό,
1676 3326 1731 3354 τε
1755 3308 1859 3352 λίαν
1860 3304 2096 3363 ,codices
2121 3312 2324 3353 secutus

398 3425 454 3453 τε
479 3404 624 3468 ejecit
647 3403 974 3467 MusgraviuS.
1026 3405 1215 3453 Contra
1242 3402 1291 3450 in
1318 3401 1600 3451 Athenione
1626 3399 1855 3449 Athenaei
1873 3399 2011 3447 XIV.
2043 3412 2093 3462 p.
2116 3398 2232 3448 661⁷
2257 3399 2319 3448 C.

1198 3515 1289 3563 pro
1315 3519 1370 3546 ωε
1391 3499 1540 3546 πουλυ
1563 3497 1604 3546 ὃ.
1629 3518 1679 3546 τ.

398 3500 564 3549 malim
588 3499 714 3547 ὥστε
740 3499 864 3546 πολυ
883 3499 958 3547 δι
925 3521 956 3546 α
979 3521 1065 3548 τας

499 3598 613 3641 428.
653 3591 674 3639 ἐ
679 3588 889 3656 νέκρασγες
924 3591 1147 3642 illustrat·
1167 3589 1427 3640 Elmsleius
1458 3589 1581 3640 Ach.
1600 3594 1717 3643 351.
1761 3587 1964 3637 Thesm.
1995 3587 2104 3637 Sec.
2136 3547 2317 3638 Athen.
