2522 4100
0 267 20 293 Ι

10 356 19 363 0

961 268 1160 310 mnnx
1199 267 1484 310 comeum.
2092 252 2153 310 ix

246 404 544 455 Parmensis
577 408 730 458 2827.
799 401 1061 467 Excerpsit
1112 400 1299 449 scholia
1346 399 1557 459 Bastius,
1603 409 1653 449 et
1696 402 1883 466 aliquot
1929 404 2162 453 lectiones

338 496 620 556 immiscuit,
662 511 783 561 quas
822 511 850 544 e
899 492 1139 545 Schaeferi
1177 492 1397 542 editione
1434 492 1568 542 Pluti
1606 494 2026 546 Hemsterhusiani
2062 500 2159 548 huc

338 589 585 638 transtuli.

235 683 364 733 Rav-
422 685 697 742 Ravennas,
745 683 1171 740 membranaceus,
1209 681 1341 745 apud
1379 682 1726 731 Invernizium.
1800 682 2039 738 Codicem
2080 702 2165 734 an-

334 777 662 845 tiquissimum
708 786 761 828 et
813 777 1056 843 optimum
1103 793 1261 842 nuper
1302 778 1627 842 pertractavit
1674 778 1746 826 vir
1795 779 2021 843 egregius
2068 781 2166 829 Im-

335 875 536 925 manuel
560 874 831 933 Bekkerus,
857 881 911 922 ut
934 873 996 922 ab
1019 873 1183 922 amico
1207 872 1392 921 audivi.
1433 873 1579 930 Vide,
1602 871 1753 921 Liber
1778 873 1843 922 G.
1869 873 2084 939 Burges.

231 966 366 1016 Trin-
392 967 663 1034 Lysistrata
687 984 797 1016 cum
821 965 1030 1015 scholiis.
1059 966 1206 1015 Liber
1227 965 1341 1015 olim
1368 965 1596 1024 Bentleii,
1614 982 1744 1014 nunc
1763 965 1975 1030 Collegii
1992 968 2163 1026 nostri,

329 1062 590 1112 continens
637 1062 978 1128 apographum
1028 1069 1192 1110 textus
1243 1070 1292 1111 et
1338 1062 1632 1110 scholiorum
1677 1078 1705 1110 e
1753 1061 1861 1109 MS.
1906 1061 2162 1120 Vossiano,

330 1172 461 1205 nunc
500 1155 744 1212 Leidensi,
788 1164 840 1204 et
885 1155 1182 1204 scholiorum
1231 1173 1291 1204 ex
1339 1155 1439 1204 alio
1485 1153 1680 1212 codice,
1717 1152 2034 1203 Barocciano
2076 1162 2160 1205 38.

328 1247 531 1297 scilicet.
581 1247 707 1296 Vide
729 1246 792 1295 ad
819 1247 1022 1312 Lysistr.
1053 1254 1167 1297 200.
1202 1254 1248 1296 et
1274 1246 1523 1295 addenda.

229 1343 289 1394 U.
322 1343 824 1400 vaticano-Urbinas,
858 1359 887 1391 a
918 1343 1166 1407 Zacagnio
1196 1342 1408 1392 collatus
1439 1342 1488 1390 in
1520 1357 1660 1392 usum
1689 1341 1908 1401 Kusteri,
1950 1359 1977 1391 e
2014 1343 2161 1407 ’cujus

329 1436 462 1487 libro
486 1437 712 1503 quaedam
737 1437 921 1486 notavi.
968 1435 1090 1485 Vide
1118 1437 1185 1485 P.

229 1530 285 1581 V.
321 1531 611 1591 Vossianus,
634 1547 765 1580 nunc
794 1530 1068 1579 Leidensis.
1116 1530 1293 1579 Avium
1319 1530 1668 1594 fragmentum.

230 1634 276 1677 1.
302 1634 349 1678 2.
373 1627 422 1677 in
446 1627 653 1678 Porsoni
676 1628 820 1678 notis.
862 1626 1152 1677 Barocciani
1177 1634 1258 1676 34.
1283 1634 1364 1676 43.

230 1733 274 1775 1.
298 1733 348 1777 2.
379 1727 459 1776 vel
482 1727 625 1778 Cant.
652 1734 695 1775 1.
722 1733 771 1776 2.
807 1726 858 1775 in
895 1726 1015 1775 meis
1046 1725 1175 1776 notis
1200 1733 1253 1775 et
1287 1726 1336 1773 in
1366 1724 1675 1790 Appendice.
1732 1726 1848 1774 Duo
1878 1723 2076 1774 codices
2110 1725 2160 1774 in

325 1820 501 1871 eodem
526 1822 797 1881 volumine,
826 1820 956 1870 Bibl.
994 1821 1139 1870 Publ.
1179 1821 1390 1870 Cantab.
1431 1821 1531 1870 Nn.
1566 1827 1615 1871 3.
1644 1827 1720 1870 15.
1765 1819 1908 1870 Prior
1940 1821 2162 1871 continet

328 1914 532 1965 Plutum
554 1923 607 1964 et
627 1916 767 1965 Nub.
790 1922 1000 1971 1—470.
1027 1931 1053 1962 e
1078 1914 1421 1979 supplemento
1445 1914 1625 1962 scribae
1649 1912 1950 1971 recentioris,
1976 1913 2158 1963 deinde

327 2010 467 2061 Nub.
499 2009 756 2061 soo-fin.
801 2018 853 2059 et
896 2011 1060 2059 Ranas
1106 2026 1220 2058 cum
1266 2008 1442 2073 glossis
1489 2017 1540 2057 et
1579 2008 1777 2057 scholiis
1820 2023 1850 2055 a
1896 2025 2044 2059 manu
2083 2017 2159 2058 sat

319 2106 555 2172 eleganti.
626 2107 682 2155 ln
716 2106 831 2165 fine,
860 2104 1003 2154 αὗται
1034 2110 1083 2153 αἱ
1115 2106 1219 2171 περὶ
1244 2107 1331 2153 τάς
1362 2106 1604 2170 συντάξεις
1643 2108 1738 2153 τῶν
1771 2105 1978 2171 α’ποριῶν
2008 2105 2159 2155 λύσεις·

322 2197 397 2247 nol
432 2202 584 2247 πᾶσαι
620 2199 763 2248 ἄλλαι
791 2199 1035 2265 ἐξηγήσεις·
1074 2199 1160 2247 εἶσὶ
1194 2201 1283 2246 τοῦ
1332 2200 1630 2263 σοφωτάτου
1666 2198 1737 2245 καὶ
1764 2198 2156 2265 ῥητορικωτᾰτου

319 2293 464 2360 κυροῧ
484 2294 618 2353 fluuii
641 2295 730 2341 τοῦ
753 2297 1040 2359 μαγίστρου,
1065 2295 1154 2341 τοῦ
1178 2292 1254 2341 διαῖ
1276 2293 1367 2340 τοῦ
1385 2294 1508 2341 θείου
1532 2292 1604 2339 καὶ
1627 2293 1880 2351 α’·γγελικοῧ
1898 2292 2157 2359 σχήματος

322 2385 763 2448 μετονομασθέντος·
831 2385 1094 2435 θεοδούλου.
1210 2385 1385 2436 Codex
1450 2385 1721 2434 simillimus
1782 2384 1846 2444 ei,
1914 2385 2001 2451 qui
2056 2394 2155 2436 tres

319 2481 552 2548 Aeschyli
593 2490 644 2532 et
684 2481 891 2531 totidem
927 2481 1179 2546 Euripidis
1219 2481 1415 2530 fabulas
1449 2480 1566 2530 olim
1608 2479 1884 2538 continens,
1927 2496 2062 2530 nunc
2102 2481 2152 2530 in

319 2573 447 2624 duos
480 2573 748 2625 distractus
772 2582 863 2633 est,
893 2575 1021 2625 Bibl.
1059 2574 1205 2624 Publ.
1240 2575 1389 2624 Cant.
1421 2574 1523 2623 Nn.
1548 2580 1596 2623 3.
1627 2580 1703 2623 14.
1726 2579 1776 2621 et
1805 2579 1883 2628 17.
1929 2579 1978 2620 et
2004 2588 2153 2637 quem

318 2671 516 2722 Saeculo
541 2672 681 2722 XIV.
715 2673 932 2739 assignat
957 2674 1201 2722 Por-sonus
1226 2672 1274 2721 iu
1297 2673 1500 2738 Syllabo
1523 2671 1762 2722 Codicum
1791 2670 2000 2720 Orestis.

218 2771 470 2822 Posterior
511 2771 689 2831 codex,
726 2773 893 2838 priore
929 2772 1195 2831 recentior,
1230 2773 1448 2823 continet
1482 2773 1699 2831 Plutum,
1738 2771 1927 2831 Nubes,
1967 2772 2150 2833 Ranas,

317 2882 431 2916 cum
461 2865 658 2916 scholiis
694 2866 1051 2931 marginalibus
1082 2866 1146 2915 ab
1176 2866 1346 2916 eadem
1381 2883 1548 2926 manu,
1585 2874 1634 2915 et
1669 2865 1844 2930 glossis
1878 2874 1928 2916 et
1955 2866 2153 2915 scholiis

316 2961 382 3011 ad
410 2960 604 3012 Plutum
628 2970 678 3012 et
700 2962 877 3012 Nubes
896 2963 961 3011 ab
980 2962 1078 3011 alio
1103 2962 1276 3022 scriba,
1303 2963 1389 3029 qui
1413 2972 1463 3014 et
1485 2964 1636 3013 varias
1659 2963 1894 3013 lectiones
1910 2963 2148 3028 plurimas

317 3050 589 3111 annotavit,
626 3059 678 3102 et
719 3053 879 3118 ipsum
918 3061 1106 3103 textum
1145 3054 1355 3104 subinde
1393 3055 1605 3106 refinxit.
1679 3057 1824 3105 Hunc
1867 3071 1993 3106 voco
2029 3058 2150 3107 Cor·

315 3152 574 3197 tectorem.
646 3148 826 3214 Incipit
865 3166 954 3199 ms.
985 3150 1076 3197 τοῦ
1099 3150 1398 3215 σοφωτάτου
1422 3151 1495 3199 καὶ
1519 3153 1820 3213 λογιωτάτου
1853 3153 1991 3219 κυροῧ
2014 3155 2150 3214 oapi?

314 3242 403 3290 τοῦ
427 3246 700 3311 'safico-pov
724 3245 923 3308 σύνοψις
949 3248 1037 3294 τοὸ
1059 3247 1173 3309 βίου
1197 3248 1547 3314 ἅριστοφιίνους·
1572 3249 1643 3296 «al
1671 3250 1754 3306 τῆς
1792 3250 1882 3296 τοῦ
1904 3247 2147 3316 δράματος

316 3332 595 3385 ὑποθέσεως.
648 3336 844 3386 Deinde
881 3337 1075 3387 scholiis
1105 3337 1380 3404 prefixum,
1412 3356 1439 3390 a
1469 3357 1530 3389 m.
1566 3356 1639 3405 pr.
1667 3341 1846 3407 σχόλια
1873 3343 1963 3389 τοῦ
1997 3341 2147 3392 αὐτοῦ

312 3430 603 3495 ,anfion-pov.
663 3428 967 3488 Notandum,
1001 3430 1299 3495 quibusdam
1327 3433 1567 3498 praeponi,
1595 3430 1812 3481 παλαιόν.
1866 3432 1988 3483 Vide
2028 3435 2145 3484 Col·

312 3519 548 3570 lationem
570 3521 820 3573 namma.
852 3523 1141 3574 Notandum
1155 3524 1323 3584 etiam,
1340 3526 1508 3591 longas
1522 3548 1569 3584 a,
1589 3549 1618 3586 a,
1635 3547 1675 3584 υ,
1701 3524 1942 3577 interdum
1965 3528 2144 3578 lineola

310 3613 644 3679 Qerscripta
671 3614 890 3677 indicari,
928 3626 973 3668 et
1002 3618 1286 3682 hujusmodi
1314 3620 1502 3685 signum
1541 3646 1570 3671 ι
1608 3619 1846 3682 adhiberi,
1869 3630 1920 3672 ut
1947 3623 1991 3672 iu
2021 3624 2141 3674 Ran.

1182 3726 1212 3760 c
