2522 4100
446 276 484 339 ii
1152 304 1622 351 PRAEFAmo.

2512 65 2522 366 ἔ

2517 389 2522 446 ².

444 461 745 517 accurate
791 450 1176 539 scriptarum
1226 452 1458 516 seriem
1502 446 1784 513 contulit
1831 446 1898 509 in
1956 442 2324 530 marginem

444 578 889 646 Frobenianae.
959 581 1163 645 Anno
1198 580 1452 644 circiter
1491 590 1681 654 1782.
1731 577 1859 640 hoc
1902 572 2152 639 factum
2182 567 2359 669 esiej
2503 571 2522 678 ᾗ

440 699 631 764 certis
692 700 942 765 indiciis
1004 710 1205 786 patet.
1304 698 1471 762 Inde
1530 707 1751 761 autern
1816 696 2116 759 desumta
2170 698 2330 777 puta
2520 682 2522 690 ²

446 831 672 895 omnia
705 831 840 896 fere
872 832 953 894 de
985 830 1221 915 quibus
1255 829 1346 893 nil
1382 828 1792 893 admonitum
1826 825 2028 890 vides,

583 965 717 1030 Diu
795 977 1020 1052 postea
1089 988 1242 1030 cum
1313 965 1602 1029 editione
1666 963 2009 1028 Cratandri
2072 960 2328 1025 codices

449 1099 844 1165 Bodleianos
876 1110 942 1163 et
996 1096 1427 1163 Harleianum
1462 1098 1762 1171 contulit,
1811 1104 1879 1159 et
1924 1093 2162 1181 adjecit
2209 1111 2324 1157 ex·
2423 1149 2428 1155 ,
2511 1123 2522 1149 ι

445 1242 667 1318 cerpta
709 1254 746 1296 e
779 1232 995 1297 Suidae
1029 1231 1475 1315 manuscripto
1509 1230 1761 1316 optimo
1796 1228 1910 1314 qui
1940 1225 2187 1292 Oxonii
2226 1234 2328 1290 est
2377 1226 2390 1245 ”

444 1367 515 1429 in
556 1365 949 1432 bibliotheca
994 1365 1273 1452 Collegii
1321 1362 1632 1448 Corporis
1677 1361 1942 1427 Christi.
2039 1361 2329 1426 Subinde

448 1496 786 1583 interjecta
854 1506 952 1588 est
1028 1493 1588 1567 annotatiuncula,
1666 1492 1998 1578 scriptoris
2057 1490 2333 1579 alicujus

447 1624 667 1688 locum
702 1623 1017 1699 indicanS,
1065 1632 1178 1687 aut
1218 1623 1747 1687 emendationem
1786 1622 1920 1686 sive
1963 1620 2330 1688 commem?

333 1823 354 1837 s
447 1773 639 1815 orans
682 1751 816 1816 sive
852 1752 1152 1817 innuens,
1248 1751 1666 1837 Optimarum
1702 1773 1857 1815 sane
1890 1773 2108 1816 rerum
2151 1748 2330 1837 pleni

447 1878 794 1964 margineS,
844 1879 957 1943 sed
997 1878 1305 1963 expeditu
1348 1899 1607 1964 semper
1651 1877 2098 1953 molestarum,
2154 1896 2325 1940 non-

446 2032 790 2095 nunquam
852 2011 1334 2098 ambiguarum.
1457 2010 1608 2075 Hoc
1663 2011 1731 2076 in
1783 2012 2010 2097 primis
2067 2011 2325 2076 incom-

452 2143 752 2218 modum,
780 2144 956 2227 quod
981 2142 1181 2208 Suida
1207 2167 1384 2210 nunc
1407 2142 1678 2221 Aldino,
1706 2165 1885 2208 nunc
1910 2143 2326 2219 Kusteriano‚

442 2292 600 2335 usus
630 2282 729 2335 est
759 2270 1104 2337 PorsonuS.

583 2404 665 2469 In
714 2406 943 2471 ceteris
983 2408 1122 2494 ejus
1169 2407 1347 2473 libris
1387 2421 1501 2475 aut
1541 2411 1781 2476 chartis
1820 2411 1929 2475 vix
1974 2432 2180 2497 pauca
2225 2410 2328 2475 in-

445 2534 619 2610 veni,
661 2555 808 2619 quae
852 2534 919 2596 in
969 2556 1189 2599 meum
1223 2557 1416 2600 usum
1468 2549 1939 2603 converterem.
2039 2538 2324 2614 Scilicet,

446 2664 690 2739 statim,
737 2674 809 2726 ut
860 2664 1166 2729 credibile
1215 2678 1335 2742 est,
1391 2679 1542 2752 post
1591 2667 1840 2732 editum
1902 2690 1941 2731 a
1990 2668 2327 2734 Brunckio

446 2798 821 2875 Comicum,
883 2800 1216 2885 exemplar
1266 2799 1734 2892 Kusterianum
1797 2802 1867 2866 in
1915 2802 2100 2867 istius
2161 2802 2331 2898 Froq

444 2933 710 2999 beniani
748 2933 968 2998 locum
1019 2933 1301 3009 suffecit,
1344 2935 1450 3000 cui
1494 2958 1640 3001 suas
1685 2946 1875 3000 notas
1917 2921 2324 3038 appi'ngeret.

446 3060 574 3125 Sed
606 3060 845 3128 librum
877 3065 1419 3148 pretiosissimum
1458 3067 1695 3131 delevit
1732 3066 2324 3149 incendium‚ealiis
2408 3041 2409 3045 Ἰ

448 3193 646 3257 etiam
710 3193 849 3280 ejus
911 3194 1240 3259 laboribus
1302 3196 1728 3276 funestum*;
1819 3223 2032 3287 neque
2093 3213 2328 3301 postea

535 3520 723 3607 *Anno
767 3520 961 3570 circiter
999 3529 1138 3580 1797.
1201 3523 1323 3572 Vide
1369 3524 1541 3573 Kiddii
1588 3526 1731 3576 Praef.
1780 3526 1842 3574 ad
1891 3527 2095 3576 Porsoni
2141 3527 2370 3601 Opuscf*

434 3612 483 3660 p.
511 3613 674 3647 xxxlx.
