2522 4100
431 246 514 308 32
1156 252 1667 313 ΠΛΟΥΤΟΣ.

431 434 546 497 Χο.

655 436 789 515 μῶν
835 434 1036 524 α’ξιοΐς
1080 434 1440 524 φενακίσας
1487 440 1648 517 ἡμᾶς
1695 438 2182 515 ἀπαλλαγῆναι

656 559 940 650 ἀζήμιος,
993 564 1102 628 καὶ
1148 569 1342 629 ταῦτ’
1390 570 1545 645 ἐμοῦ
1594 564 1963 652 βακτηρίαν
2011 561 2332 649 ἐ’χοντος;

429 694 552 757 Κα.

649 690 908 758 πάντως
953 692 1084 781 γὰρ
1133 692 1467 781 ἄνθρωπον
1513 691 1710 784 φύσει
1760 702 2066 761 τοιοῦτον
2114 696 2197 759 εἷς
2245 692 2335 759 τὰ

1872 825 2096 890 ‘tra'v‘ra

657 951 918 1036 ἡγεῖσθέ
949 957 1011 1034 μ’
1045 951 1224 1032 εἶναι,
1276 951 1496 1017 κούδὲν
1529 951 1605 1016 ἂν
1651 951 1922 1041 νομίζεθ’
1958 951 2128 1035 ὑγιὲς
2160 953 2395 1031 εἶπεΐν;

427 1086 544 1150 Χο.

654 1089 731 1147 ὥς
775 1080 1008 1165 σεμνὸς
1053 1082 1501 1171 οὑπίτριπτος·
1585 1083 1648 1147 αἱ
1697 1088 1926 1166 κνῆμαι
1975 1081 2042 1148 δέ
2090 1109 2217 1150 σου

1859 1214 2111 1291 βοῶσιν
2264 1229 2391 1294 275

656 1340 773 1420 ἰοὺ,
825 1340 942 1421 ἰοὺ,
995 1340 1114 1406 τὰς
1160 1342 1446 1428 χοίνικας
1493 1342 1600 1406 καὶ
1646 1342 1765 1407 τὰς
1812 1342 2007 1409 πέδας
2045 1345 2394 1413 ποθοῦσαι.

425 1476 549 1539 Κα.

420 1651 667 1701 hominem
684 1652 800 1700 mihi
814 1652 898 1701 sed
911 1653 1193 1702 thesaurum
1206 1652 1368 1701 nescio

421 1749 566 1796 quem
592 1749 834 1782 memoras
856 1733 987 1782 mali.

487 1819 602 1867 271.
641 1812 776 1861 Suid.
801 1811 1011 1877 ἀζήμιος.

486 1899 603 1949 273.
639 1891 773 1955 φύσει
797 1908 895 1939 om.
922 1894 984 1939 Α.

482 1971 574 2037 γάρ
598 1988 688 2020 om.
713 1970 761 2020 6.
798 1976 856 2019 εἷς
881 1977 978 2019 tres
991 1972 1186 2035 primae,
1203 1970 1364 2020 Inver-

416 2053 508 2100 niz.
543 2051 587 2099 ἐς
611 2051 838 2099 Brunelc.

484 2137 599 2187 274.
636 2128 865 2194 νομίζω-θ’
890 2128 1006 2176 Elb-

482 2208 653 2265 275-6.
691 2207 829 2256 Suid.
852 2225 896 2255 v.
921 2209 1135 2273 χοίνικες.

482 2296 598 2346 277.
632 2289 798 2355 λαχών
833 2295 862 2338 2
898 2288 1041 2335 MSS.
1088 2286 1231 2350 prim.
1279 2287 1358 2336 ed.

416 2371 676 2422 Scholiast.
720 2369 785 2417 ad
831 2368 909 2417 ed.
959 2368 1086 2414 hanc
1134 2375 1184 2415 et
1227 2368 1358 2416 Flor.

412 2448 655 2513 probante
695 2445 923 2494 Dawesio
963 2442 1107 2491 Misc.
1147 2442 1271 2491 crit.
1305 2460 1357 2507 p.

417 2528 528 2579 124.
577 2526 731 2582 Alias,
767 2522 938 2590 λαχόν.

653 1476 721 1536 ἐν
751 1475 836 1561 τῇ
867 1475 1045 1558 σορῷ
1077 1470 1208 1535 νυνὶ
1241 1468 1470 1556 λαχὼν
1505 1469 1586 1536 τὸ
1618 1470 1888 1559 ’γράμμα
1921 1499 2048 1538 σου
2092 1473 2393 1563 δικάζειν,

1450 1662 1481 1683 “
1497 1656 1650 1719 plura
1672 1655 1926 1705 deterioris
1947 1659 2041 1707 aevi
2067 1673 2162 1706 non
2196 1659 2396 1708 obseura

1451 1741 1482 1762 “
1503 1738 1722 1801 vestigia,
1773 1755 1829 1802 p.
1866 1745 1945 1796 81,
1995 1747 2077 1799 82,
2126 1741 2233 1792 83.”
2298 1739 2392 1803 (ed.

1448 1813 1657 1874 Hemst.)
1680 1821 1710 1842 “
1727 1814 1891 1863 Vetera
1903 1823 2017 1864 sunt
2033 1833 2143 1881 quae
2160 1817 2395 1883 leguntur

1447 1898 1479 1919 ‘⁶
1500 1908 1557 1939 ex
1588 1892 1850 1942 Aristotele
1887 1894 1955 1943 ad
1986 1913 2029 1944 v.
2065 1900 2210 1953 278.”
2253 1889 2394 1948 Milu‘

1445 1969 1672 2019 videntur
1714 1977 1791 2019 sat
1835 1973 1970 2021 bonce
2008 1979 2138 2023 notoe
2178 1975 2259 2022 Ἐν
2289 1983 2392 2024 ταῖς·

1446 2050 1656 2106 Ἀθήναις
1681 2052 1842 2101 πολλοὶ
1876 2051 1931 2110 ἦν
1970 2052 2260 2120 δικαστήρια,
2295 2057 2391 2119 85⁸0.

1444 2128 1581 2178 modo
1599 2129 1849 2179 deleantur
1867 2130 1947 2181 ἕως
1969 2133 2055 2179 τοῦ
2077 2135 2131 2183 κ’.
2167 2134 2274 2183 δέκα
2296 2136 2390 2202 γιὶρ

1445 2207 1500 2265 ἦν
1522 2209 1588 2255 τᾶ
1610 2210 1881 2276 δικαστήρια
1915 2213 1963 2260 ε’ν
1998 2214 2234 2271 Ἀθήναις.,
2284 2215 2390 2266 Ista

1443 2304 1566 2346 vero,
1605 2288 1847 2356 ”Ερχεται
1870 2291 2072 2340 ἕκαστος
2096 2298 2155 2341 εἷς
2178 2293 2243 2340 ro*
2262 2292 2392 2342 wivei-

1442 2386 1537 2413 κιον
1558 2366 1699 2433 ἔχων,
1716 2380 1867 2419 'merae
1890 2377 2002 2418 sunt
2027 2373 2239 2436 ineptiae.
2276 2374 2388 2423 Hoc

1440 2446 1609 2494 volunt
1619 2464 1637 2502 ‚·
1663 2448 2012 2498 Conveniebant
2029 2453 2243 2511 tribules,
2266 2459 2316 2502 et
2334 2455 2389 2504 in

1442 2530 1515 2572 tot
1536 2526 1703 2574 classes
1724 2526 2079 2587 dividebantur,
2112 2538 2229 2595 quot
2247 2538 2397 2583 erant·
2466 2597 2470 2600 Δ

477 2610 635 2676 λαχὸν
678 2614 775 2656 tres
813 2606 991 2671 primae
1025 2610 1070 2652 et
1112 2619 1216 2651 mss.
1250 2604 1357 2668 ple-
1424 2604 1546 2668 sora
1586 2606 1914 2655 constituenda
1927 2624 1944 2662 ,·
1981 2607 2151 2659 deinde
2182 2611 2391 2660 diseede-

409 2692 562 2755 νίφα,
586 2686 782 2737 Arund.
807 2692 852 2734 5.
878 2683 926 2734 6.
963 2682 1202 2750 λαχόντος
1225 2683 1278 2732 C.
1305 2686 1355 2733 in

410 2776 561 2828 textu,
599 2770 675 2818 D.
719 2782 816 2831 pro
837 2766 1016 2831 glossa.
1069 2763 1225 2830 λαχὸν
1245 2764 1355 2813 edd.

410 2835 637 2898 Brunelc.
668 2846 774 2895 Inv.
818 2844 902 2894 sed
933 2845 985 2892 in
1028 2846 1157 2892 notis
1193 2843 1357 2909 λαχών

400 2927 615 2990 praesert
651 2923 953 2974 Brunekius.
1003 2921 1167 2988 λαχιδν
1199 2922 1352 2972 Bodl.

406 3005 542 3070 apud
561 3004 842 3060 Kusterum,
866 3002 1028 3050 Dorv.
1062 3002 1145 3049 De
1165 3000 1356 3050 scholiis

408 3087 480 3133 ita
517 3100 720 3150 magnus
767 3082 1121 3133 Valckenaerius
1158 3082 1211 3128 in
1247 3079 1354 3128 Ad-

407 3166 631 3213 versariis
646 3183 664 3219 ,·
710 3170 741 3192 “
766 3163 869 3212 Ista
911 3161 969 3210 de
1005 3161 1053 3207 X
1092 3160 1353 3208 tribunali-

407 3249 439 3270 “
465 3244 565 3302 bus,
600 3244 771 3308 quibus
807 3240 1018 3306 singulis
1057 3239 1201 3287 litera
1246 3244 1352 3286 erat

408 3327 439 3348 ‘⁶
465 3324 719 3387 inscripta,
749 3321 884 3370 nullo
907 3325 1022 3368 teste
1041 3317 1350 3383 confirmata”

405 3405 598 3463 (postea
639 3400 852 3458 addidit,
908 3399 1055 3446 “imo
1090 3397 1353 3448 Aristotele

400 3479 632 3540 partim'’)
667 3484 700 3506 “
721 3484 862 3542 atque
883 3475 1079 3526 aliunde
1113 3477 1253 3524 etiam
1277 3477 1356 3541 ig·

407 3560 439 3582 ‘⁸
464 3562 596 3614 nota,
620 3547 748 3604 'mihi
782 3555 1007 3605 videntur
1029 3554 1261 3620 pleraque
1282 3571 1353 3603 re-

407 3639 440 3661 “
461 3636 721 3684 centiorum
735 3641 1007 3685 commuta.
1027 3633 1352 3687 Insuntetiam

1440 2683 1554 2731 bant
1595 2686 1820 2733 sortitum
1853 2686 2035 2744 classes,
2080 2688 2218 2754 apud
2251 2705 2388 2739 mm

1439 2779 1636 2828 quaeque
1654 2764 1843 2829 forum.
1919 2766 1977 2814 Si
1997 2767 2222 2818 Gtaeeuli
2242 2770 2387 2818 verba

1439 2843 1760 2893 emendatione
1813 2844 1969 2910 digna
2027 2853 2155 2906 sunt,
2223 2849 2387 2914 malin·

1439 2923 1660 2986 ἐκλήρουν
1684 2921 1750 2967 *ra*
1771 2923 2047 2987 γράμματα·
2100 2924 2175 2971 καὶ
2207 2924 2277 2973 τοτ’
2302 2935 2390 2974 λα·

1438 2996 1960 3065 χόντα-ἐγροίφοντο
1985 3001 2035 3050 δὲ
2056 3001 2219 3052 οὕτως.
2269 3009 2308 3052 εἷ
2329 3003 2386 3064 ἦν

1437 3080 1579 3129 πέντε
1605 3078 1895 3148 δικαστήρια,
1931 3079 2217 3148 ἐκληροῦντο
2239 3085 2383 3133 πέντε

1435 3159 1694 3224 γράμματα
1707 3158 1982 3224 (γράμματα
1998 3160 2267 3213 Ηεπιείονῇ.
2280 3170 2385 3214 not·

1434 3241 1640 3299 mss.)—-—
1659 3243 1714 3287 οἷς
1737 3238 1795 3286 ἂν
1820 3239 1993 3306 ἔτυχεν
2008 3242 2161 3291 z—Oa‘
2182 3242 2386 3310 δικάζον-

1434 3338 1513 3366 τες·
1536 3319 1624 3380 850.
1676 3334 1943 3384 quanquam
1986 3337 2045 3370 ne
2083 3323 2152 3370 sic
2194 3321 2386 3387 quidem

1433 3402 1589 3449 omnia
1633 3416 1750 3449 sana
1785 3403 2126 3466 praestiterim.
2209 3404 2390 3454 Vellem

1434 3479 1644 3545 equidem
1689 3485 1840 3529 totam
1881 3482 2189 3546 quaestionem
2229 3483 2384 3548 expli-

1436 3557 2012 3608 casset'Hemsterhusius.
2047 3559 2209 3613 Errat
2224 3567 2387 3610 autem

1435 3638 1512 3687 vir
1533 3653 1753 3698 summus,
1776 3636 1891 3689 dum
1913 3636 2210 3708 δικαστήριον
2229 3640 2380 3690 ἔπιεν.
