2522 4100
701 690 1063 760 INDEX
1121 690 1680 760 coDIGUM.

1059 971 1309 1006 ..4—

219 1233 303 1301 Α.
346 1251 399 1301 in
441 1251 646 1300 Porsoni
684 1251 825 1309 notis,
863 1258 915 1300 et
954 1251 1004 1299 in
1042 1251 1348 1316 Appendice.
1400 1252 1508 1301 MS.
1551 1252 1844 1302 Harleianus
1885 1254 2033 1305 5664.
2093 1258 2142 1306 in

321 1342 501 1391 Museo
524 1340 828 1390 Britannico.
877 1341 920 1389 E
945 1340 1150 1389 Barocc.
1180 1347 1291 1397 127.
1329 1338 1524 1388 fluxisse
1547 1349 1776 1405 apparet.

150 1432 153 1434 ’
220 1435 287 1485 A.
309 1435 358 1484 in
383 1435 504 1484 meis
525 1434 654 1484 notis
676 1433 741 1483 ad
775 1434 989 1483 Plutum.
1026 1432 1209 1497 Regius
1245 1432 1532 1482 parisiensis
1558 1440 1705 1490 2712.
1752 1436 1887 1501 apud
1921 1439 2144 1487 Brunck-

320 1531 437 1582 ium.
498 1531 923 1589 Membranaceus,
958 1529 1045 1579 sed
1088 1545 1187 1578 non
1225 1529 1374 1578 valde
1413 1529 1665 1595 antiquus.
1717 1533 1909 1583 Saeculo
1946 1545 2143 1601 quarto-

322 1623 520 1674 decimo
542 1623 645 1673 fere
675 1623 929 1688 assignant
953 1621 1155 1687 judices
1177 1621 1400 1688 inprimis
1420 1622 1587 1673 idonei
1608 1625 1792 1676 Hasius
1816 1636 1865 1678 et
1888 1629 2145 1681 Gaisford-

323 1722 414 1774 ius.

227 1819 321 1869 Ar.
362 1819 442 1868 vel
473 1817 671 1868 Arund.
716 1817 1096 1875 Arundelianus,
1128 1834 1263 1867 nunc
1301 1819 1470 1883 Regiae
1506 1819 1768 1870 Societatis
1806 1821 2145 1878 Londinensis.

326 1912 658 1964 Collationem
700 1928 811 1960 cum
857 1912 1071 1960 Kustero
1120 1912 1502 1962 communicavit
1547 1914 1853 1973 DaubuziuS,
1906 1915 1957 1965 in
2002 1917 2145 1981 cujus

327 2008 462 2058 notis
486 2022 593 2056 mss.
626 2005 780 2056 multa
813 2022 872 2054 ex
910 2006 1005 2054 boc
1033 2003 1224 2064 codice,
1261 2014 1308 2055 et
1337 2005 1450 2066 alio,
1487 2006 1537 2056 ni
1574 2006 1732 2067 fallor,
1766 2018 2005 2076 excerpta
2040 2012 2143 2061 vidi

324 2104 459 2171 apud
490 2103 952 2154 desideratissimum
981 2102 1268 2152 Burneium.
1315 2105 1427 2169 Ipse
1459 2104 1705 2166 codicem,
1735 2107 1855 2158 satis
1879 2117 2144 2172 recentem,

327 2198 378 2247 in
401 2197 592 2262 aliquot
615 2196 736 2245 locis
759 2195 968 2260 inspexi.

225 2291 349 2343 Aac.
402 2290 667 2356 Exemplar
705 2289 935 2339 editionis
977 2289 1307 2339 Wechelianae
1365 2289 1494 2340 inter
1541 2290 1696 2341 libros
1741 2294 1963 2345 Porsoni.
2032 2297 2145 2347 Fuit

323 2388 444 2440 olim
482 2386 714 2439 Ankewii.
781 2387 839 2436 ln
879 2386 1100 2451 margine
1140 2385 1349 2436 contulit
1386 2386 1458 2435 vir
1497 2386 1696 2448 doctus,
1737 2406 1836 2440 non
1871 2392 2143 2456 Askewius‚

323 2482 670 2535 Baroccianum
714 2488 822 2539 127.
874 2489 925 2530 et
958 2481 1201 2546 quasdam
1233 2481 1468 2531 lectiones
1499 2484 1719 2534 enotavit
1752 2502 1780 2534 e
1818 2489 2022 2539 Barocc.
2058 2498 2141 2541 43.

319 2585 374 2628 et
409 2575 509 2627 alio
538 2574 748 2641 collegii
784 2574 1162 2632 Lincolnieusis,
1199 2574 1277 2624 cui
1307 2573 1475 2623 datum
1516 2592 1547 2624 a
1587 2577 1656 2627 G.
1695 2578 1926 2630 Whelero
1962 2583 2144 2648 Equite

321 2670 451 2724 dicit
475 2669 713 2722 collator.
783 2667 951 2719 Fuerit
976 2668 1126 2734 igitur
1155 2667 1314 2717 codex
1346 2668 1394 2717 in
1423 2669 1581 2719 Catal.
1607 2670 1749 2721 MSS.
1773 2673 1920 2738 Angl.
1943 2682 1997 2724 et
2021 2676 2139 2727 nib.

320 2771 475 2825 9140.
506 2762 724 2813 Wheleri
747 2760 831 2819 69.

200 2860 297 2928 ιΒ.
329 2858 378 2908 in
419 2854 627 2907 Por-soni
668 2853 813 2910 nolio.
849 2852 1180 2902 Baroccianus
1218 2858 1329 2908 127.
1381 2853 1431 2901 in
1478 2852 1604 2904 Bibl.
1649 2853 1936 2906 Bodleiana.
1994 2856 2141 2908 Liber

317 2954 545 3020 antiquus
567 2953 619 3002 in
645 2950 943 3001 membrana.

222 3050 295 3101 Β.
325 3049 375 3099 in
406 3047 529 3099 meis
551 3045 680 3096 notis
701 3043 764 3094 ad
789 3044 1009 3095 Plutum.
1047 3043 1228 3108 Regius
1261 3043 1548 3094 parisiensis
1573 3052 1721 3102 2717.
1762 3046 1893 3111 apud
1923 3049 2141 3099 Brunck·

319 3146 441 3195 ium.
566 3197 572 3206 ,

222 3236 383 3291 Bodl.
412 3234 712 3287 Bodleianus
752 3233 883 3298 apud
928 3234 1208 3283 Kusterum.
1261 3231 1548 3297 Aliquando
1588 3234 1864 3300 suspicatus
1896 3248 1999 3286 sum
2040 3254 2138 3289 nou

321 3329 472 3380 fuisse
495 3324 830 3382 Bodleinnuuu
854 3323 937 3373 sed
965 3323 1176 3387 collegii
1198 3323 1559 3375 Lincolniensis.
1598 3325 1722 3375 vide
1746 3326 1869 3376 Aah.

144 3432 148 3435 ’
219 3428 388 3493 Bor-g.
424 3421 698 3487 Borgianus
720 3419 851 3485 apud
878 3418 1227 3470 invernizium.

222 3519 375 3571 uber
397 3517 602 3582 Georgii
632 3514 845 3578 Bur-ger.
893 3513 1155 3578 Exemplar
1184 3512 1410 3564 editionis
1437 3515 1547 3563 Bas.
1581 3521 1723 3564 1532.
1773 3512 1820 3561 in
1850 3531 1950 3578 quo
1985 3518 2134 3568 multa

321 3613 502 3665 notavit
530 3628 699 3662 manus
722 3611 924 3675 antiqua
951 3629 978 3658 ‹-
1002 3610 1191 3667 codice,
1220 3611 1501 3660 Ravcuuate
1528 3618 1577 3657 ut
1607 3608 1814 3658 videtur.
