2522 4100
358 281 477 343 172
1189 278 1438 333 AvES.

360 445 525 507 Suid.
577 465 629 507 v.
659 446 867 527 ὥσπερ.
950 443 1076 505 Imo
1105 446 1170 509 ὠς
1198 443 1436 506 Πυθῶδε.
1611 446 1745 506 191.
1833 447 1959 519 ἡμῖν
2001 445 2166 507 Suid.
2209 457 2269 507 v.

358 559 568 639 ὥσπερ.
657 555 782 616 Imo
823 557 892 617 οἷς
915 560 1051 615 Πυθ.
1228 554 1360 615 192.
1451 552 1558 615 Ex
1585 557 1672 617 ed.
1713 557 1887 619 1532.
1919 566 2017 630 τῆς
2038 561 2269 640 primus

357 667 619 726 restituit
646 667 940 726 Kusterus
968 672 1113 723 ante
1141 666 1443 746 ἀλλοτρίας
1487 687 1568 725 sc.
1622 687 1656 726 e
1693 688 1748 727 v.
1799 669 1974 731 1218.
2061 672 2142 731 Et
2182 671 2270 730 ita

358 768 575 830 Suidas
618 792 708 831 vv.
760 772 827 833 ὠς
876 765 1119 829 Πυθῶδε.
1163 770 1317 851 χάος,
1356 778 1424 828 ut
1465 769 1685 829 frustra
1727 782 2071 853 suspectum
2106 776 2272 835 hunc

357 901 595 941 versum
625 883 845 941 habeat
874 882 1136 942 Beckius
1171 885 1246 942 ad
1297 882 1471 943 1218.
1648 883 1780 945 193.
1871 885 2114 948 Suidas.
2159 883 2275 948 δια-

361 994 666 1073 φορήσετε.
728 988 1101 1070 διαπέμψετε.
1169 993 1278 1053 ubi
1353 992 1692 1063 Porsonus,
1759 993 1925 1052 Ordo
1965 992 2277 1055 literarum

359 1105 624 1183 postulat
648 1102 1010 1187 διαφρήσετε.
1144 1104 1429 1165 199-200.
1478 1102 1641 1162 Suid.
1684 1103 2033 1184 βαρβάρους.
2128 1103 2270 1167 210.

359 1212 569 1296 χῦσον]
599 1222 772 1276 λῦσον
799 1216 935 1298 lege
968 1237 1044 1276 ex
1074 1217 1258 1275 Suida
1286 1218 1349 1275 in
1390 1238 1443 1277 v.
1477 1217 1556 1276 II.
1602 1238 1661 1295 p.
1694 1216 1835 1277 476.
1867 1219 2163 1297 probante
2191 1216 2279 1281 ib?

359 1328 638 1388 KusterO.
663 1328 988 1409 vulgatum
1012 1329 1157 1388 citat
1178 1328 1624 1388 Valckenaerius
1644 1330 1720 1387 ad
1743 1329 1947 1409 Eurip.
1973 1330 2273 1392 Phaenius.

366 1438 542 1499 1517.
591 1439 763 1499 etita
793 1439 928 1498 MS.
962 1439 1039 1499 U.
1208 1440 1348 1500 213.
1437 1440 1660 1508 μέλεσιν
1695 1442 1887 1502 Γένυος
1924 1443 2130 1519 ξουθῆς,
2181 1471 2279 1503 κα·

363 1551 507 1632 &apd
538 1551 913 1611 Valckenaer.
944 1553 1021 1610 ad
1051 1552 1260 1631 Eurip.
1295 1551 1595 1611 Phoeuiss,
1621 1551 1795 1612 1517.
1829 1552 1932 1632 qui
1960 1553 2038 1612 ad
2065 1552 2273 1633 Eurip.

363 1664 582 1724 Helen.
635 1665 810 1724 1118.
862 1663 1125 1722 remittit.
1300 1662 1528 1722 Postea
1566 1662 1632 1721 in
1661 1669 1832 1744 χῦσον
1869 1664 2193 1745 acquievit,
2223 1664 2283 1725 si

363 1782 529 1834 ‘recte
584 1773 849 1833 memini.
1019 1774 1161 1834 215.
1252 1773 1321 1832 L.
1379 1779 1601 1843 μίλακος
1657 1794 1733 1833 ex
1788 1775 1919 1834 Ald.
1973 1785 2034 1835 et
2075 1775 2274 1837 Schol.

363 1881 507 1941 226.
593 1880 896 1958 σιωπήσει]
983 1880 1273 1950 σιωπήσεις
1318 1879 1447 1939 Ald.
1495 1888 1556 1938 et
1596 1878 1794 1939 Schol.
1962 1881 2105 1942 228.
2175 1909 2280 1942 πο-

367 1990 572 2073 ποποὶ]
641 1995 737 2052 ποῖ
772 1995 942 2051 vom-oi
1001 1991 1166 2050 Suid.
1200 1991 1291 2049 ed.
1325 2011 1430 2049 ms.
1464 1992 1684 2050 ἑποποὶ.
1820 1990 1964 2054 240.
2025 1990 2285 2073 κλάδεσι]

367 2106 536 2167 Suid.
586 2127 693 2165 ms,
738 2107 798 2164 in
843 2126 896 2165 v.
943 2103 1050 2164 ubi
1087 2102 1345 2165 κλάδεσσι
1386 2104 1452 2164 in
1503 2105 1630 2165 loco
1681 2105 1771 2165 ed.
1803 2104 1970 2166 Med.
2137 2107 2279 2169 252.

370 2224 621 2276 ποτᾶται
656 2216 894 2277 KuSter.

493 2356 703 2416 257-8.
794 2363 833 2386 “
856 2357 1020 2414 Citat
1050 2355 1262 2414 Suidas
1291 2375 1343 2414 v.
1371 2358 1602 2419 καινός.”
1679 2357 1881 2434 Toup.
1914 2356 1975 2414 in
2007 2355 2172 2417 Suid.
2198 2357 2279 2419 11.

370 2490 432 2550 p.
461 2468 558 2529 85.
606 2469 708 2548 qui
758 2469 820 2526 in
872 2468 1126 2527 Scholiis
1177 2469 1457 2526 emendat
1507 2488 1582 2526 ex
1635 2467 1839 2539 Suida,
1884 2469 2282 2546 εἰσηγούμενος.

371 2580 423 2638 τ’
450 2578 592 2639 258.
626 2598 738 2636 om.
785 2576 955 2637 Suid.
1125 2578 1334 2639 0260-1.
1425 2577 1578 2659 δεῦρο
1623 2554 1941 2660 quinquies
1977 2579 2142 2640 Suid.
2174 2601 2284 2640 ms.

375 2692 594 2750 ἐποποῖ.
639 2695 856 2768 quater
900 2688 989 2747 ed.
1044 2686 1202 2747 Med.
1291 2716 1427 2768 τορο
1471 2698 1684 2769 quater
1727 2691 1819 2749 ed.
1866 2711 1973 2750 ms,
2139 2691 2283 2754 263.

374 2802 920 2883 τοροτοροτολιλίγξ
950 2801 1113 2861 Suid.
1283 2802 1424 2862 266.
1515 2807 1588 2866 εἰς
1615 2823 1730 2862 om.
1762 2802 1929 2862 Suid.
1968 2804 2060 2863 ed.
2091 2823 2199 2863 ms,
2227 2823 2286 2864 v.

376 2911 659 2992 ἑπωάζειν.
743 2910 886 2971 267.
961 2910 1170 2991 ἑπῶζε]
1200 2913 1286 2970 sie
1309 2933 1412 2970 ms,
1460 2908 1585 2971 Ed.
1612 2910 1779 2972 Med.
1804 2912 2034 2994 ἑπώαζε.
2139 2913 2288 2974 276.

377 3021 596 3103 χώραν]
671 3022 845 3102 χρόαν
881 3021 1049 3080 Suid.
1080 3042 1184 3080 mS.
1232 3020 1461 3104 ἔξεδρον.
1501 3024 1663 3104 χόαν,
1694 3023 1854 3106 quod
1882 3023 2087 3084 eodem
2105 3022 2291 3095 redi&

379 3131 469 3190 ecl.
502 3131 666 3193 Med.
833 3133 976 3193 277.
1064 3132 1136 3191 In
1166 3133 1300 3193 loco
1329 3135 1600 3216 AEschyli
1630 3135 1796 3194 Suid.
1831 3156 1939 3194 ms,
1970 3135 2094 3194 ποθ’
2119 3132 2286 3195 ἔσται

381 3251 443 3301 et
498 3242 727 3308 ἄλαλος.
791 3244 857 3303 in
919 3245 1288 3314 μουσόμαντις
1347 3266 1429 3305 SC.
1547 3246 1688 3306 Vide
1760 3248 1843 3307 ad
1917 3245 2069 3308 Hec.
2137 3246 2283 3309 204.

390 3353 610 3432 Opusc.
647 3375 712 3432 p.
741 3374 892 3415 xcn.
1039 3354 1181 3415 279.
1271 3357 1555 3417 ἐσέπτατο
1585 3357 1748 3417 Suid.
1771 3359 1864 3417 ed.
1898 3378 2003 3418 ms,
2033 3359 2286 3430 κάμηλος.

547 3473 687 3534 282.
781 3471 922 3532 Vide
951 3469 1145 3555 Praef
1168 3470 1405 3534 Hecub.
1426 3496 1489 3554 p.
1512 3496 1687 3536 xmx.
1807 3475 1949 3536 288.
2016 3476 2287 3557 ὠςέτερος

382 3578 572 3666 αὖτις]
662 3574 816 3643 Dele
845 3584 912 3648 ῶς
957 3584 1050 3646 vel
1085 3613 1187 3651 τις.
1218 3585 1342 3646 Pro
1371 3584 1523 3651 αὖτις
1549 3589 1646 3649 ed.
1692 3587 1930 3654 KuSter.
1973 3584 2136 3650 αὖθις.
2177 3586 2288 3650 Sed

2503 3868 2511 4100 *ΑΗ-ρη..
2507 3813 2510 3819 ,
2507 3796 2509 3800 .
2508 3771 2510 3775 ,
2507 3716 2509 3727 1
