2522 4100
363 279 496 359 (82)

368 801 492 892 656.

369 934 493 991 687.

368 1030 490 1082 688.

368 1220 490 1279 691.

369 1509 494 1569 694.

364 1992 490 2051 695.

366 2088 494 2148 696.

368 2570 491 2628 697.

364 2761 488 2840 699.

367 3056 465 3109 701
476 3089 489 3101 .

367 3152 488 3204 703.

369 3442 494 3493 704.

367 3532 492 3587 706.

369 3630 491 3681 713.

892 279 1343 335 cOLLATIO
1409 279 1818 335 NUBIUM.

532 443 598 518 δή
617 450 745 530 περὶ
774 459 965 523 (utrum
985 454 1064 508 his
1084 474 1159 526 ‘ys
1182 456 1303 507 sub-

524 548 675 621 jiciat
717 570 819 605 non
849 551 1051 616 notavi3
1106 552 1195 603 sed
1225 548 1305 600 vix

535 645 780 716 putarim)
848 656 900 698 et
951 644 1166 697 alterum
1225 633 1307 696 ἔτι

535 743 733 812 praefix.
766 744 830 793 ab
856 740 976 793 alio.

531 836 783 901 μιλησίας
813 837 864 888 6.

530 927 688 986 ταῦτ’
713 927 808 985 οὐκ
836 921 953 984 ἔστ’
986 932 1037 984 6.

531 1025 586 1081 ἐν
629 1023 752 1089 ὑμῖν
799 1034 854 1080 3.
899 1032 954 1078 4.
1001 1034 1051 1079 5.
1088 1028 1142 1080 6.
1202 1045 1305 1079 non

541 1132 585 1175 1.
617 1131 671 1176 2.

530 1210 595 1284 δὴ
621 1214 724 1273 τᾶν
759 1229 802 1273 1.
835 1214 938 1275 τᾶν
962 1219 1068 1273 sine
1092 1210 1154 1284 δή
1183 1226 1234 1272 3.
1252 1227 1303 1273 5.

533 1316 621 1387 qui
645 1318 800 1370 habet
824 1316 875 1370 in
906 1327 946 1369 t.
977 1310 1186 1382 ἁμυνὶα,
1217 1318 1305 1369 sed

534 1434 629 1466 -αν
657 1414 766 1466 sch.

534 1508 598 1562 In
649 1518 706 1564 5.
779 1510 954 1564 nescio
1026 1530 1090 1563 an
1161 1501 1308 1564 ἄλλο

534 1605 703 1676 primo
761 1605 913 1660 fuerit
974 1626 1070 1677 pro
1133 1599 1304 1660 ἀλλά.

532 1701 874 1756 κατακλινεῖς·
920 1701 1045 1754 fecit
1089 1722 1221 1754 corr.
1251 1708 1306 1755 2.

531 1796 726 1869 (primo
757 1792 851 1856 εἷς)
893 1805 945 1849 et
970 1796 1041 1866 gl.
1065 1789 1311 1850 καταπέ-

532 1913 647 1957 σης.
692 1891 768 1946 εἷς
798 1892 952 1945 etiam
979 1892 1082 1947 alii.

527 1982 733 2043 σαυτοῦ
761 1992 815 2041 5.

532 2082 768 2142 ἐνταῦθα
795 2080 853 2157 ’γ’
880 2079 1007 2139 ἀλλ’
1042 2081 1093 2138 e’c'
1129 2105 1204 2157 γε
1243 2107 1304 2160 χ.

535 2192 583 2236 1.
611 2176 822 2236 ἐνταῦθ’
849 2176 980 2235 ἀλλ’
1017 2177 1142 2252 ε’ἷὙε
1161 2203 1220 2256 χ.
1248 2188 1303 2234 3.

534 2275 768 2334 ἐνταῦθα
799 2299 939 2348 supr.
964 2277 1015 2330 in
1040 2285 1093 2331 5.
1118 2280 1169 2332 6.
1211 2297 1304 2346 pro

534 2375 604 2445 gl.
637 2385 688 2428 et
717 2374 767 2426 in
795 2382 849 2427 2.
880 2376 1051 2426 forsan
1076 2393 1170 2443 pro
1196 2393 1300 2426 var.

532 2472 656 2524 lect.

527 2557 577 2620 ἔ.
604 2566 789 2620 ταῦτα
816 2557 879 2630 δή
908 2560 966 2638 ’γ’
991 2561 1038 2619 ἑ.
1079 2575 1126 2619 1.
1164 2561 1303 2619 αὐτοὶ

533 2661 720 2716 ταῦτα
748 2663 849 2738 φρ.
874 2670 929 2716 3.

527 2751 677 2814 δώσω
720 2758 835 2817 τοῖς
872 2742 917 2813 κ.
955 2765 1007 2812 5.
1059 2753 1301 2832 τήμερον

531 2875 726 2911 omnes·
767 2855 1007 2922 (Versum
1038 2855 1222 2925 repetit
1250 2863 1300 2910 3.

530 2964 651 3023 post
683 2959 804 3011 740.
840 2951 929 3004 ubi
960 2950 1118 3026 -ρον).

525 3043 594 3104 τέ
620 3070 686 3103 σε
715 3042 882 3102 αὐτὸν
910 3056 963 3102 3.

524 3167 549 3202 ς
574 3145 625 3197 in
653 3138 831 3219 ταχῦς
855 3164 1054 3198 erasum
1079 3153 1131 3198 2.
1158 3155 1210 3196 et
1232 3144 1302 3215 gl.

520 3236 820 3303 συντόμως.
881 3236 1059 3316 ταχῦς
1098 3250 1150 3295 3.
1212 3245 1301 3298 sed

531 3337 602 3407 gl.
625 3332 856 3412 ταχέως.
897 3331 957 3409 ’γ’
977 3357 1086 3392 om·
1109 3346 1161 3392 3.
1178 3345 1232 3392 4.
1252 3346 1301 3391 5.

518 3429 583 3490 ,ἐς
608 3434 689 3488 vel
718 3432 791 3492 εἰς
821 3454 1020 3488 omnes.

531 3526 756 3584 ἰαταταὶ
783 3530 861 3584 bis
885 3538 950 3602 3..
967 3520 1025 3588 5'.

532 3626 626 3679 Gl.
659 3636 704 3681 1.
753 3624 840 3682 καὶ
870 3619 1260 3704 διαφθείρουσι.

1405 459 1527 512 715.

1408 648 1529 703 716.

1407 841 1531 893 718.

1407 938 1532 989 720.

1407 1034 1529 1086 723.

1407 1128 1531 1180 725.

1406 1414 1530 1470 726.

1406 1708 1532 1758 728.

1406 1999 1530 2053 729.

1405 2286 1527 2339 731.

1402 2767 1527 2819 732.

1401 2958 1524 3013 735.

1401 3146 1528 3199 Sch.

1566 449 1662 510 ὅτ6
1691 454 1724 507 i.
1747 472 1797 508 e.
1826 445 1962 507 ὅταν
1986 453 2122 506 sede
2148 452 2344 508 factum

1570 553 1685 606 rub.
1723 559 1770 604 1.
1801 561 1854 604 et
1877 569 1979 603 om.
2003 570 2126 613 μου.

1566 640 1643 700 τᾶ
1673 668 1736 721 χ.
1765 635 2054 721 &poma-3.
2089 633 2281 720 φροω
2308 635 2345 708 ἦ

1572 762 1634 815 χ.
1662 745 1718 795 6.

1571 830 1812 910 προσέτι
1855 830 2076 892 τούτοις·
2112 832 2263 890 τοῖσι
2290 838 2346 888 5.

1570 927 1877 1004 ’γενήσομαι
1912 941 1961 986 1.

1569 1025 1680 1082 εἴτι
1703 1051 1805 1091 μου
1831 1035 1887 1083 5.

1571 1119 1814 1179 -κιστὲον
1843 1131 1897 1177 3.
1951 1125 2042 1178 sed
2081 1124 2194 1178 sch.
2238 1142 2341 1199 ‘yp-

1567 1218 1656 1274 καὶ
1691 1215 1752 1275 οὗ
1784 1213 2184 1284 μαλθακιστέα.
2219 1221 2340 1275 καλ.

1572 1317 1679 1371 sine
1705 1340 1829 1392 περι
1858 1321 1907 1372 6.
1937 1338 2005 1372 m.
2026 1337 2108 1389 pr.
2323 1307 2337 1315 ”

1569 1407 1880 1489 ἑξευρητέος
1910 1421 1960 1468 3.
1990 1419 2043 1467 5.
2097 1407 2345 1488 εὖρυτέος

1571 1512 1710 1580 quod
1736 1531 1796 1563 ex
1825 1505 1943 1585 εὗρε
1972 1509 2050 1564 vel
2077 1503 2225 1584 εὑρη,
2253 1511 2342 1564 sed

1569 1606 1688 1659 hinc
1717 1607 1903 1676 potiuS‚
1931 1616 1988 1662 4.
2022 1600 2222 1662 κᾶποσ.
2251 1609 2305 1662 6.

1569 1697 2010 1776 ἇποστερητικῆν
2035 1704 2092 1757 6.
2147 1701 2344 1781 Contra
2435 1767 2438 1770 ⁴

1572 1797 1708 1851 idem
1758 1788 2170 1873 α’ποστερητᾶδα
2215 1802 2341 1857 745.

1573 1906 1624 1948 et
1652 1898 1721 1965 gl.
1751 1891 1839 1948 καὶ
1866 1879 2316 1970 ἀποστερητικήν.

1567 1986 1808 2066 ἆθροίσω
1868 2001 1912 2044 1.
1961 1996 2014 2043 5.
2057 1992 2110 2045 6.
2172 1991 2263 2043 sed
2308 1982 2345 2054 ἦ

1570 2098 1856 2158 agnoscunt
1901 2087 2105 2158 glossoe.
2143 2075 2208 2152 δή
2247 2104 2343 2158 pro

1569 2204 1659 2237 νυν
1686 2190 1739 2237 3.
2217 2177 2220 2180 ’

1564 2274 1638 2346 μοὶ
1695 2271 1765 2333 δί’
1828 2269 1977 2333 οὐδέν
2029 2271 2112 2349 γ’·
2147 2268 2342 2348 ἔιγωνγε

1572 2376 1732 2428 voluit
1777 2385 1822 2428 1.
1891 2375 1973 2428 Ita
2019 2381 2072 2427 2.
2123 2393 2188 2427 ex
2234 2393 2338 2426 em.

1571 2471 1797 2544 quidem,
1867 2473 1958 2524 sed
2014 2490 2088 2523 m.
2150 2490 2231 2540 pr.
2285 2483 2342 2524 ut

1567 2579 1714 2639 puto·
1759 2561 1837 2630 μα’
1866 2557 1938 2620 δί’
1967 2555 2117 2619 οὐδὲν
2142 2557 2191 2621 ἔ.
2216 2574 2272 2621 3.
2287 2574 2340 2621 4.

1566 2670 1619 2716 5.
1644 2666 1698 2717 6.

1565 2753 1624 2831 ’γ’
1656 2752 1821 2823 ἢείοε
1849 2753 2000 2823 πλήν
2032 2767 2077 2812 1.
2135 2758 2341 2813 Contra

1570 2849 1719 2921 πλήν
1753 2855 1861 2908 sine
1890 2874 1966 2926 γε
1994 2861 2048 2908 3,.

1562 2951 1783 3027 πρῶτον
1810 2954 1866 3006 6.
1896 2962 1948 3006 et
1970 2954 2142 3006 forsan
2159 2958 2214 3004 5.
2245 2951 2341 3006 etsi

1563 3070 1667 3104 non
1695 3048 1885 3115 notavi,
1926 3067 2047 3102 nam
2080 3048 2154 3102 sic
2183 3047 2337 3102 Leid.

1578 3152 1628 3198 3.
1707 3136 1938 3199 ὄπισθεν
1998 3138 2100 3208 μὲν
2167 3135 2340 3217 ἔλεγε

1563 3240 1874 3301 παθητικῶς
1974 3234 2337 3316 σχασάμενοςρ

1563 3332 1653 3393 νῦν
1693 3329 1751 3392 δὲ
1798 3331 2041 3412 σχάσας.
2099 3330 2236 3392 ἔοικε
2279 3328 2338 3391 δέ

1565 3429 1863 3511 ἀμφότερα
1887 3430 1943 3489 ἐν
1962 3428 2174 3509 χρήσει.
2209 3425 2338 3488 ἔστι

1564 3523 1620 3586 δέ
1661 3528 1750 3586 καὶ
1799 3523 2033 3606 σχάζειν
2087 3524 2158 3584 τό
2198 3520 2335 3592 τὲμ·

1566 3651 1670 3685 vem
1704 3623 1807 3692 τὴν
1839 3621 2042 3703 φλέβα
2081 3616 2148 3686 ὥς
2181 3618 2332 3697 ξενο-
