2522 4100
372 266 496 328 206
980 258 1680 313 EchEstAzUSAE.

379 430 514 509 pius
542 426 955 488 Cur..Noviss.
987 428 1050 486 in
1082 427 1245 486 Suid.
1279 446 1337 504 p.
1375 426 1507 487 138.
1598 427 1691 486 Ita
1720 445 1958 506 quoque
2002 406 2281 488 Reiskiue

380 543 517 614 post
546 535 888 596 Dawesium
917 534 1011 593 vel
1041 533 1241 611 potius
1270 552 1346 590 ex
1377 552 1467 592 eo.
1635 534 1775 597 950.
1863 541 1973 595 τῶν
2008 539 2118 595 σῶν
2164 548 2280 594 om.

382 644 543 704 Suid.
577 646 708 703 edd.
746 643 911 702 Med.
978 640 1108 699 Ald.
1161 660 1264 698 ms.
1316 661 1406 700 vv.
1436 642 1774 723 βόστρυχος.
1816 642 2069 704 δονεῖται.
2114 638 2286 704 τῶνδε

380 778 495 818 om.
520 758 612 816 ed.
636 755 804 815 Kust.
832 774 882 812 v.
901 752 1243 831 βόστρυχος.
1273 770 1397 811 non
1425 751 1491 812 in
1517 775 1574 812 v.
1605 752 1708 814 δον.
1843 756 2050 816 951-2.
2117 756 2283 817 Suid.

382 867 637 926 α’τοπῖας.
683 859 1089 927 διακναιόμενος.
1257 859 1399 919 964.
1487 862 1746 943 ἀσπάζου
1775 883 1861 928 με·
1910 860 1995 922 διά
2020 891 2085 924 σε
2119 862 2284 924 Suid.

382 996 435 1035 v.
466 971 735 1052 ἀσπάζου,
767 971 871 1029 sed
903 967 989 1028 διά
1015 996 1101 1028 τοι
1136 970 1226 1028 ed.
1261 969 1427 1029 Med.
1598 972 1738 1032 965.
1826 969 2292 1053 χρυσοδαίδαλτον

385 1086 550 1144 Suid.
581 1105 672 1143 vv.
704 1080 975 1143 δαίδαλον.
1006 1071 1222 1162 θρύψις.
1390 1082 1530 1142 966.
1576 1120 1578 1122 v
1619 1083 1830 1163 θρύμμα
1859 1083 2024 1142 Suid.
2057 1083 2149 1143 ed.
2181 1102 2287 1143 ms.

384 1219 474 1259 vv.
507 1199 726 1277 θρύψις.
755 1201 1016 1278 χαρίτων.
1054 1196 1434 1274 improbante
1464 1194 1724 1256 Kustero
1749 1197 1826 1256 ad
1855 1195 2119 1266 Suidam,
2149 1212 2291 1274 pro-

384 1308 568 1368 bante
592 1327 735 1367 vero
761 1307 838 1364 ad
869 1305 1345 1383 Aristophanem.

511 1444 712 1504 Schol.
745 1444 886 1504 979.
958 1441 1149 1520 ἔπαιξε
1173 1439 1235 1503 Se*
1256 1450 1471 1507 παιτοῖς
1501 1447 1652 1526 παρὰ
1674 1447 1742 1505 τὸ
1762 1450 1955 1505 παίειν.
2027 1444 2291 1505 Brunck.

388 1557 464 1616 ad
491 1576 546 1615 v.
578 1555 720 1616 987.
766 1575 888 1613 suae
918 1554 1211 1613 editionis,
1382 1555 1522 1615 988.
1612 1557 1691 1615 Et
1719 1564 1945 1615 textum
1979 1564 2039 1615 et
2072 1556 2298 1616 scholia

388 1665 451 1723 in
484 1684 649 1726 suam
680 1663 1047 1743 farraginem
1079 1664 1382 1722 transtulit
1427 1665 1639 1724 Suidas
1684 1687 1738 1725 v.
1769 1668 2044 1748 «γραφεῦς,
2082 1674 2150 1725 ut
2190 1667 2299 1727 ob-

390 1769 650 1842 serva'ffit
678 1773 956 1862 Toupius
987 1774 1047 1831 in
1080 1773 1244 1831 Suid.
1280 1773 1325 1831 Ι.
1373 1794 1431 1852 p.
1466 1775 1561 1834 82.
1732 1776 1856 1839 τούς
1896 1785 1953 1836 λ.
1987 1774 2153 1836 Suid.
2188 1795 2294 1836 ms,

390 1902 443 1941 v.
487 1872 608 1951 Mac.
653 1882 758 1939 sed
807 1889 1015 1940 contra
1065 1880 1250 1959 ipsius
1300 1882 1692 1960 propositum.
1878 1883 2018 1945 990.
2084 1883 2309 1947 'Recte‘

392 1990 524 2049 Ald.
565 1987 658 2049 οἶδ’
686 1987 778 2049 οἶδ’
804 1990 892 2050 ὅτι
923 1991 1132 2065 βούλει.
1285 1990 1425 2051 994.
1501 1993 1745 2061 ὠσάμεθ’
1777 1993 1842 2055 ἂν
1871 1993 2035 2054 Suid.
2066 2014 2174 2054 me.
2206 1994 2302 2072 (in
2360 2045 2366 2053 .

394 2100 531 2176 ἐξὸν,
604 2108 673 2159 ut
732 2100 994 2173 videtur,
1065 2100 1173 2159 ubi
1233 2101 1293 2160 ου’
1359 2102 1542 2162 etiam
1592 2105 1682 2163 ed.
1737 2103 1931 2182 Med.)
1990 2105 2096 2164 sed
2135 2110 2188 2166 οἱ
2235 2107 2299 2166 in

395 2239 628 2291 κρεαὙρ.
799 2211 937 2270 995.
1025 2211 1151 2287 ἐξόν
1175 2210 1444 2293 καθέντα]
1518 2213 1682 2273 Suid.
1730 2215 1814 2274 Sic
1849 2216 1958 2275 bis.
2004 2214 2072 2276 in
2097 2215 2218 2293 ἐξὸν
2243 2224 2303 2277 el

394 2347 587 2399 κρεασγ.
727 2319 867 2378 996.
958 2318 1031 2378 In
1074 2320 1328 2396 exempl.
1377 2321 1466 2380 ed.
1513 2320 1786 2381 Brunclc.
1836 2329 2028 2393 notat,
2072 2322 2303 2383 Confer

397 2428 677 2487 Athenaei
726 2428 939 2486 Alexin
986 2428 1098 2486 III.
1146 2428 1244 2487 36.
1303 2449 1359 2507 p.
1399 2429 1530 2490 123.
1596 2431 1666 2489 F.
1740 2431 1991 2492 Strattin
2026 2431 2159 2493 124.
2220 2434 2300 2494 D.

398 2540 825 2618 Apollodorum
862 2539 994 2598 125.
1031 2540 1100 2598 A.
1135 2539 1240 2598 ubi
1266 2569 1301 2600 a
1329 2540 1395 2600 in
1425 2542 1668 2623 φρέατος
1696 2551 1754 2602 et
1783 2543 1992 2623 φρέατι
2012 2543 2303 2622 produci-

401 2659 520 2710 tur.
573 2648 673 2708 De
723 2647 1039 2738 Str-attidis
1089 2650 1216 2710 loco
1262 2652 1401 2712 vide
1450 2653 1801 2714 Porsonum
1847 2654 2062 2716 Αιίυεε.
2105 2676 2169 2735 p.
2201 2656 2301 2718 68.

379 2758 527 2833 ¹sive
555 2759 638 2818 ad
664 2757 967 2836 Aristoph.
999 2759 1109 2818 Av.
1145 2761 1282 2820 765.
1347 2760 1570 2844 Confer
1609 2762 1814 2824 virum
1855 2765 1929 2824 de
1972 2764 2070 2825 his
2112 2764 2309 2827 literis

400 2872 619 2950 optime
647 2872 931 2932 meritum
959 2870 1077 2931 Ed.
1111 2872 1354 2956 Maltby
1392 2875 1573 2938 Thes.
1606 2879 1865 2940 Prosod.
1890 2899 1994 2958 pp.
2026 2878 2302 2943 LXXX.

407 2985 581 3048 1051.
759 2987 934 3048 1000.
1007 2988 1261 3067 Repone
1293 3011 1367 3050 ex
1395 2995 1486 3052 ed.
1520 2995 1653 3054 Ald.
1687 2992 1870 3057 δεῖσε.
2018 2995 2303 3058 1009-10.

400 3098 564 3159 Hinc
582 3099 866 3158 vindicari
895 3107 1091 3178 potest
1113 3103 1464 3183 προέγραψα
1495 3113 1716 3186 πρῶτον
1741 3106 2116 3188 Thucydidis
2137 3106 2186 3166 Ῑ.
2203 3107 2304 3169 23.

404 3208 564 3286 quod
591 3207 652 3264 in
683 3214 911 3265 textum
941 3208 1127 3286 recipi
1152 3210 1459 3272 debuerat.
1636 3215 1810 3275 1016.
1896 3216 2075 3276 ἐλθών
2102 3244 2184 3280 τις
2213 3218 2303 3298 ed.

403 3313 640 3373 Kuster.
796 3314 971 3376 1024.
1043 3318 1146 3380 τάς
1172 3327 1229 3378 λ.
1302 3320 1466 3380 Suid.
1500 3324 1590 3382 ed.
1624 3344 1728 3382 mS.
1763 3323 1829 3383 in
1855 3325 1984 3395 λη’κ.
2130 3325 2304 3387 1025.
2377 3314 2382 3320 ’
2503 3321 2522 3420 Ἰ

406 3423 541 3503 πρὸς
579 3422 743 3483 Suid.
778 3445 882 3483 ms,
914 3422 1144 3507 τοῦστρ.
1190 3429 1294 3486 sed
1323 3439 1485 3490 recte
1516 3428 1752 3512 ἁρδάνια.

533 3559 708 3624 1048.
798 3561 868 3623 L.
899 3564 1046 3630 ἕλκει
1077 3567 1148 3627 σ’.
1299 3567 1472 3630 1055.
1546 3571 1617 3631 F.
1649 3571 1823 3632 πλέον
1850 3571 2011 3651 ἥπερ,
2051 3579 2119 3633 ut
2145 3570 2305 3634 Vide-
