2522 4100
377 269 457 329 86
1110 279 1614 342 ΠΛΟΥΤΟΣ.

600 442 711 508 ἐπὶ
758 443 878 519 τὴν
923 444 1181 534 χύτραν
1228 447 1460 525 ἐλθὼν,
1512 446 1683 535 ἔχων
1729 448 1818 514 τὰ
1866 446 2250 532 στέμματα·

596 575 632 636 ὁ
679 569 809 657 γὰρ
856 571 1051 660 ἱερεὺς
1098 578 1303 639 αὐτοῦ
1346 600 1426 654 με
1474 574 1978 667 προύδιδάξατο.

595 695 680 762 τὸ
727 696 993 785 ’γρᾴδιον
1040 699 1116 774 δ’,
1168 703 1245 763 ὠς
1291 698 1539 788 ᾔσθετο
1588 700 1661 776 δή
1706 730 1829 784 μου
1878 702 2001 768 τὸν
2048 700 2311 793 ψόφον,

596 826 721 902 τὴν
768 833 931 915 χεῖρ’
981 826 1231 918 ὑφῄρει,
1283 826 1455 915 κᾷτα
1504 831 1773 921 συρίξας
1820 830 1970 914 ἐγὼ,

437 997 553 1047 688.
590 996 769 1064 ᾔσθετο
795 998 973 1061 δήμου]
1008 997 1063 1054 δή
1081 1014 1177 1046 om.
1205 1007 1245 1046 1.
1263 1006 1308 1047 2.

370 1093 469 1125 non
490 1077 546 1124 B.
594 1076 654 1125 In
677 1076 858 1126 schedis
881 1080 1146 1141 conjecerat
1171 1076 1313 1142 ᾐσθά-

373 1176 500 1204 νΕΤΟο

433 1235 636 1303 γραΐδιον
680 1235 799 1284 Ald.
861 1235 916 1292 δή
971 1242 1163 1283 servant
1217 1241 1314 1284 tres

360 1319 556 1382 primae,
594 1316 789 1366 Arund.
812 1317 878 1365 A.
920 1316 1028 1366 edd.
1064 1318 1164 1365 Br.
1206 1315 1311 1364 Inv.

367 1397 596 1443 omittunt
636 1396 705 1444 B.
733 1395 786 1443 C.
814 1391 899 1443 D(
925 1394 974 1444 6.
1009 1396 1082 1446 ed.
1110 1397 1310 1445 Kuster.

367 1477 656 1524 auctoritate
678 1478 805 1534 msti‚
829 1482 886 1523 ut
901 1482 1042 1541 puto.

433 1554 547 1612 689.
585 1556 673 1611 τήν
695 1556 815 1622 χεῖρ’
840 1562 936 1603 tres
951 1556 1145 1620 primoe,
1185 1555 1311 1604 Rav.

365 1631 432 1682 A.
458 1635 528 1683 Β.
556 1634 609 1683 G.
635 1635 708 1683 D.
776 1641 824 1682 et
866 1642 1038 1700 septem
1085 1651 1200 1699 quos
1241 1637 1315 1682 in-

363 1715 513 1777 spexi.
550 1716 613 1779 τῇ
649 1714 811 1778 Borg.
847 1720 895 1761 et
927 1732 951 1762 e
988 1714 1177 1763 Reiskii
1204 1730 1312 1761 con-

349 1795 551 1857 jectura
591 1791 747 1840 edidit
786 1791 1087 1840 Brunclcius.
1146 1793 1309 1857 ὑφῄρει

366 1879 462 1920 tres
475 1874 670 1936 primm,
691 1871 888 1920 Arund.
907 1870 955 1919 6.
992 1875 1164 1938 ὑφείρει
1184 1878 1229 1919 5.
1253 1889 1310 1920 ecc

364 1967 448 1998 em.
471 1952 528 2013 (ἐφ’.
552 1967 612 1997 m.
649 1948 818 2016 α’φῄρει
845 1949 897 1998 C.
937 1950 1023 1999 sed
1041 1950 1114 2014 gl.
1156 1949 1309 2014 λα’θρα

363 2031 507 2078 ἐκίνει.
569 2030 650 2078 Gl.
691 2031 743 2078 in
784 2031 857 2078 D.
899 2036 1099 2096 κατεῖχε
1141 2028 1309 2095 λα’θρα,

364 2111 416 2157 in
452 2110 580 2156 Par.
614 2114 763 2163 2827.
823 2110 1050 2173 λαθραίως·
1095 2106 1309 2172 ἐξέτεινε.

366 2189 537 2237 Glossa
559 2191 742 2237 ἐκτείνει
767 2189 903 2253 apud
925 2188 1119 2236 Invern.
1139 2205 1162 2233 e
1184 2189 1309 2235 Rav.

363 2274 419 2316 ut
441 2267 649 2315 videtur.
693 2269 911 2332 συῤῥίξας·
937 2255 1064 2313 Ῐῖαυ.
1104 2286 1310 2312 κατασυ-

362 2348 494 2413 pig-'ae
515 2347 637 2394 male
658 2347 780 2393 citat
807 2345 1079 2409 Stephanus
1102 2345 1235 2393 Thes.
1255 2346 1311 2393 T.

363 2429 460 2477 ΙΙΙ.
486 2444 543 2491 Ρ.
562 2432 705 2480 1137.
725 2425 791 2473 Α.
830 2426 1004 2474 Utrum
1026 2424 1313 2489 elidipossit

363 2509 454 2554 iin
477 2506 640 2556 dativo
668 2505 931 2569 singulari,
966 2521 1062 2554 non
1097 2507 1314 2553 convenit

363 2591 494 2636 inter
536 2587 664 2633 viros
705 2583 882 2632 doctos.
942 2584 1146 2632 Primus
1184 2584 1314 2648 quod

361 2667 504 2714 sciam
541 2665 737 2728 negavit
777 2661 1110 2730 Wakefieldius
1133 2663 1309 2710 Diatr.

354 2761 411 2809 p.
450 2751 530 2793 31.
587 2750 635 2791 et
680 2744 732 2790 in
778 2758 975 2790 censura
1019 2742 1222 2807 quadam
1266 2744 1311 2789 si

309 2825 314 2828 ’
362 2821 551 2873 memini
564 2841 582 2878 ;
630 2828 801 2872 contra
824 2821 1063 2870 stantibus
1092 2822 1308 2869 Burneio

362 2911 409 2952 et
425 2904 704 2952 Hermanno
728 2901 796 2949 ad
808 2902 993 2950 Hecub.
1010 2900 1125 2957 906.
1150 2903 1307 2961 (892).

363 2981 749 3046 Porsonopraef.
767 2997 825 3044 p.
841 2986 923 3028 24.
959 2980 1043 3043 qui
1059 2980 1111 3026 in
1125 2977 1308 3026 schedis

361 3060 596 3110 indicavit
624 3058 743 3107 OEd.
769 3058 873 3106 Col.
903 3055 1048 3106 1436.
1085 3057 1304 3119 AEschyl.

362 3141 508 3189 Pers.
548 3144 659 3189 852.
696 3137 903 3202 [Stant]
945 3137 1125 3200 Eurip.
1163 3137 1305 3184 AEolo

360 3220 494 3285 apud
548 3219 685 3268 Stob.
732 3225 814 3267 43.
872 3234 931 3282 p.
974 3214 1085 3271 167.
1158 3217 1303 3264 Grot.

361 3300 540 3348 Alexin
555 3297 735 3347 Athen.
762 3299 828 3345 11.
855 3313 911 3361 Ρ.
936 3296 1016 3346 63.
1040 3295 1098 3343 F.
1136 3297 1304 3359 [supra

361 3379 561 3425 citatum
583 3378 650 3426 ad
671 3378 808 3440 498.]
844 3376 1170 3424 Philemonem
1189 3379 1303 3429 293.

353 3470 414 3517 Ρ.
438 3454 551 3502 266.
589 3455 760 3503 Clerio.
805 3471 863 3519 Ρ.
900 3458 1014 3509 357.
1065 3453 1300 3517 Rutgers.

361 3533 552 3595 [Voluit
609 3534 860 3582 Porsonus
916 3540 1059 3590 290.·
1090 3548 1147 3596 Ρ.
1189 3528 1303 3580 366.

364 3609 561 3672 Cierio]
596 3610 818 3674 Sophocl.
840 3611 1012 3660 Trach.
1037 3609 1152 3666 675.
1186 3609 1307 3658 Alia

361 3689 465 3739 vide
518 3689 655 3754 apud
709 3691 925 3740 Elmslei.
981 3688 1190 3740 addend.
1241 3684 1311 3738 a'd

1396 999 1649 1049 Heraclid.
1666 998 1782 1057 693.
1814 999 2020 1049 Lobeck.
2037 999 2106 1050 ad
2120 999 2208 1064 Aj.
2230 1006 2345 1050 801.

1393 1081 1477 1128 ubi
1530 1081 1631 1145 Iege
1687 1086 1717 1106 “
1744 1078 2014 1145 Schweigh.
2059 1080 2224 1129 Anim.
2280 1078 2351 1129 ad

1396 1158 1575 1206 Athen.
1615 1158 1668 1206 T.
1712 1158 1767 1206 V.
1798 1175 1854 1223 Ρ.
1882 1161 2023 1207 544.”
2073 1161 2187 1220 (non
2207 1159 2346 1219 547.)

1394 1237 1500 1284 scil.
1537 1235 1604 1283 ad
1639 1235 1887 1284 Eubulum
1918 1237 1984 1284 X.
2032 1253 2088 1300 p.
2111 1241 2242 1285 450..
2270 1236 2344 1286 B.

1396 1320 1481 1366 ubi
1514 1319 1709 1383 pessime
1744 1317 1997 1366 Jacobsius
2031 1315 2100 1364 ad
2141 1314 2345 1365 Anthol.

1396 1399 1448 1447 T.
1475 1399 1593 1446 XII.
1621 1415 1677 1462 Ρ.
1706 1404 1820 1446 348.
1855 1396 2006 1444 multo
2029 1395 2194 1443 melius
2216 1396 2359 1444 Por·
2441 1401 2449 1415 '

1393 1492 1533 1525 sonus
1555 1475 1683 1524 Adv.
1702 1493 1758 1540 Ρ.
1782 1482 1893 1524 122.
1933 1473 2017 1522 sed
2035 1479 2160 1522 recte
2186 1472 2342 1523 Schw.

1395 1554 1555 1602 Locus
1575 1553 1711 1618 apud
1726 1554 2045 1619 Rutgersium
2067 1558 2150 1610 est,
2175 1549 2347 1619 πρόσε·

1397 1655 1504 1680 στιν
1522 1632 1571 1680 δὲ
1588 1635 1658 1698 τῷ
1681 1631 1841 1689 πένητι
1864 1631 2084 1678 α’πιστία·
2116 1629 2122 1696 Ι
2155 1628 2237 1677 κᾶν
2259 1650 2345 1677 σο·

1396 1713 1482 1777 φδς
1506 1710 1719 1777 ὑπάρχῃ,
1743 1710 1826 1758 κᾶν
1841 1709 1954 1777 λέγῃ
1973 1709 2035 1757 τδ
2052 1707 2301 1776 συμφέρον,
2327 1708 2338 1772 Ι

1395 1795 1522 1842 δοκεῖ
1553 1816 1599 1840 τι
1639 1793 1832 1858 φράζειν
1863 1799 1960 1839 τοῖς
1996 1789 2237 1838 α’κοῦουσιν
2262 1809 2344 1837 κα-

1394 1875 1494 1920 κῶς.
1527 1871 1534 1937 Ι
1566 1874 1661 1918 τῶν
1697 1872 1790 1936 γάρ
1835 1868 2043 1927 πενήτων
2076 1872 2239 1916 πίστιν
2261 1867 2340 1916 οὖκ

1395 1951 1496 2018 ἐ’χει
1528 1949 1684 2009 λόγος·
1715 1949 1722 2015 Ι
1754 1948 1868 2015 α’νήρ
1906 1947 1955 1995 δέ
1988 1948 2223 2006 πλουτῶν,
2259 1944 2344 1993 κᾶν

1395 2032 1515 2091 ἄγαν
1550 2031 1845 2097 ψευδηγορῇ,
1877 2028 1884 2087 Ι
1915 2029 2041 2077 δοκεῖ
2070 2049 2116 2074 τι
2148 2023 2344 2093 φράζειν

1396 2119 1495 2158 τοῖς
1528 2110 1769 2158 α’κοῦουσιν
1803 2107 2029 2173 α’σφαλές.
2114 2108 2244 2165 Qua!
2282 2105 2345 2154 lt·-

1396 2192 1574 2238 centias
1617 2191 1711 2237 sibi
1753 2190 2007 2237 sumserint
2041 2185 2346 2236 Philemonis

1395 2269 1612 2333 cequales,
1662 2285 1759 2316 non
1792 2269 1995 2315 multum
2031 2267 2184 2331 refert
2196 2283 2216 2320 ,⁰
2258 2264 2345 2314 sed

2371 408 2381 417 x

2488 906 2490 910 ,
2480 838 2489 853 >
2473 683 2493 827 ’,ἐᾟᾳ-Ιόκ
2464 528 2493 673 ·ffl⁶
2465 437 2472 440 Ι

1394 2365 1536 2417 quum
1581 2351 1674 2396 ista
1716 2348 2079 2411 Comparatione
2123 2347 2200 2395 nil
2228 2346 2342 2411 sere
2395 2392 2400 2394 ,
2468 2328 2486 2343 ⁵

1393 2429 1461 2475 sit
1483 2429 1762 2491 corruptius
1782 2433 1868 2474 aut
1902 2426 2058 2491 mag-is
2078 2425 2344 2489 interpola-5

1396 2515 1512 2565 tum,
1552 2508 1856 2572 compilatori
1887 2513 1975 2555 aut
2010 2505 2231 2554 librariis
2258 2505 2342 2553 im·

1387 2587 1638 2653 putandas
1667 2593 1794 2652 puto
1830 2587 1918 2634 has
1959 2583 2135 2642 sordes,
2173 2585 2342 2649 potius

1391 2683 1531 2733 quam
1554 2668 1741 2715 comico.
1812 2666 2040 2714 Primum
2060 2678 2241 2712 versum
2254 2662 2343 2727 sa·

1393 2747 1482 2795 cile
1539 2747 1766 2810 conjicias
1819 2760 1912 2792 esse
1977 2744 2144 2808 quarti
2189 2755 2340 2806 para-

1385 2825 1591 2890 phrasin
1606 2842 1623 2878 ;
1659 2825 1776 2888 quin
1811 2839 1868 2870 ex
1901 2822 2071 2870 ultimo
2103 2825 2249 2869 natus
2273 2819 2341 2867 sit

1395 2905 1583 2960 tertius,
1625 2918 1756 2948 nemo
1792 2900 1931 2948 semel
1963 2901 2171 2946 monitus
2202 2897 2340 2946 dubi-

1391 2983 1531 3030 tabit.
1603 2980 1738 3028 Vidit
1761 2979 1836 3028 D.
1863 2979 2106 3035 Heinsius,
2136 2977 2340 3025 alterius

1374 3059 1654 3124 fragmenti
1676 3059 1869 3105 initium
1889 3072 1980 3104 esse
2001 3057 2053 3102 in
2071 3055 2226 3103 verbis
2242 3055 2340 3102 τᾶν

1389 3142 1481 3206 «γάρ
1528 3138 1755 3194 πενήτων.
1846 3133 2063 3184 Delendt'
2111 3133 2340 3185 videntur

1390 3225 1487 3266 tres
1531 3234 1706 3274 versus,
1752 3223 1799 3264 et
1843 3217 1896 3263 in
1923 3213 2037 3282 fine
2082 3213 2336 3279 legendum

1389 3298 1540 3361 σαφὲς
1568 3313 1666 3362 pro
1703 3295 1932 3361 ἀσφαλὲς,
1970 3296 2067 3342 nisi
2097 3311 2156 3342 ea·
2190 3294 2338 3342 κακοῖς·

1385 3375 1564 3441 efficere
1619 3376 1766 3423 mavis
1830 3375 1978 3420 καλῶς·
2045 3373 2122 3421 vel
2174 3370 2334 3442 καλᾷν.

1388 3457 1565 3513 Habes,
1600 3461 1657 3502 ut
1681 3455 1869 3518 opinor,
1908 3449 2168 3515 Euripidis
2179 3449 2333 3516 frag-

1391 3538 1612 3579 mentum.
1661 3529 1834 3595 (Apud
1855 3529 2092 3594 Rugers.
2117 3543 2190 3574 vv.
2213 3533 2331 3576 200.

1390 3616 1505 3659 218.
1574 3610 1695 3657 latet
1767 3609 1897 3656 locus
1939 3624 1942 3625 ⁷
1967 3605 2149 3655 Alcest.
2211 3601 2330 3659 674.

1388 3688 1464 3740 ed.
1507 3688 1686 3750 Beck.)
1745 3684 1860 3737 'Sed
1899 3691 1958 3734 ut
1997 3682 2067 3734 ad
2119 3682 2330 3755 Plutum
