2522 4100
404 275 534 355 (50)

411 451 564 504 1364.
603 449 788 504 ταῦτα
833 458 888 505 4.
955 441 1105 504 ἔνδον
1167 442 1340 521 ἔλεγε
1443 456 1596 509 1382.
1636 448 1735 505 τὸν
1762 472 1867 506 om.
1906 459 1951 505 l.
1996 445 2054 505 ἐν
2079 439 2193 530 δίκῃ
2219 441 2374 523 (γ’ἄν

1503 555 1509 563 “
1599 567 1689 601 sex
1724 568 1846 602 mss·
1890 560 2045 604 reete.
2123 546 2187 601 In
2215 546 2372 602 Anti·
2475 581 2478 582 ν

569 545 689 613 (sic)
716 547 910 622 οΐαπερ
934 544 1017 601 καὶ
1047 541 1134 601 νῦν
1158 554 1211 600 3.

409 642 560 696 1366.
598 638 656 697 ἐν
682 637 952 718 αἶα-χόλου
990 632 1228 715 δράματι
1259 634 1341 693 εὖ·

564 738 731 813 ρηταί
799 761 882 796 τις
949 730 1342 812 μνρρινοφόρος

565 826 701 905 ᾄδων
728 835 836 887 sch.
874 843 917 885 1.

380 932 557 990 1369.
596 924 816 983 πάντων
840 922 892 981 τ’
918 947 1013 998 pro
1040 929 1263 1001 πρῶτον
1284 937 1336 983 4.

403 1032 556 1084 1370.
591 1021 900 1100 ὀρεχθεῖναι
922 1032 973 1078 2.
1008 1045 1069 1077 ex
1098 1045 1197 1077 em.
1220 1044 1334 1077 cor-

561 1121 790 1176 rectoris.

404 1226 556 1278 1372.
593 1213 750 1273 ἀλλά
777 1213 990 1274 τούτων
1032 1218 1199 1289 primo
1243 1219 1334 1270 ha-

562 1317 734 1370 buisse
765 1327 818 1369 et
858 1317 910 1369 in
955 1309 1080 1370 ἀλλ’
1115 1310 1235 1369 ἀντὶ
1275 1336 1331 1368 τ.

561 1413 768 1467 vertisse
797 1412 994 1465 videtur
1020 1415 1075 1466 6.

399 1516 552 1570 1374.
592 1500 724 1574 ἧσεν
758 1502 870 1583 εὕρ.
907 1527 1105 1561 omnes.
1149 1502 1333 1581 εὑριπ-

557 1597 712 1659 πίδον
741 1612 795 1659 3.
822 1607 874 1659 6.
919 1615 970 1657 et
992 1603 1159 1674 primo
1189 1610 1239 1657 5.

400 1709 553 1761 1375.
588 1693 840 1777 ’ὀδελφός
860 1706 911 1753 5.
955 1694 985 1752 ὁ
1011 1720 1128 1771 sup.
1156 1708 1205 1753 2.
1238 1720 1334 1771 pro

559 1801 631 1869 gl.

399 1896 553 1956 1376.
589 1889 749 1967 κάγώ
777 1885 819 1948 δ’
856 1888 948 1948 οὐκ
987 1885 1068 1947 ἔτ’
1108 1888 1331 1964 ἐξηνεσ-

556 1986 736 2067 χόμην
776 2000 822 2044 l.
861 1999 913 2045 3.
957 1984 1116 2061 κάγώ
1153 1984 1328 2048 οὐκέτ’

555 2083 810 2163 ἐξηνεσχ.
837 2086 940 2150 (vel
961 2081 1052 2140 οὐκ
1074 2078 1178 2149 ἔτ’)
1200 2094 1258 2140 2.·
1274 2094 1327 2140 5.

556 2188 608 2240 6.
634 2195 687 2238 et
716 2185 790 2237 sic
809 2186 889 2237 vel
915 2203 1069 2255 quam
1094 2184 1341 2253 proxime

554 2290 607 2352 4.
635 2302 697 2334 ex
721 2301 804 2334 em
830 2280 999 2334 statim
1023 2283 1160 2334 facta
1177 2284 1242 2354 ej.
1259 2302 1328 2334 m.

551 2378 696 2431 Tum
719 2371 912 2434 εὐθέως
935 2371 1027 2450 ἄρ.
1063 2385 1112 2429 1.
1138 2372 1329 2435 εὐθέως

555 2468 704 2547 ἑξαρ.
737 2481 792 2527 3.
865 2515 869 2518 A

384 2577 545 2631 1377.
582 2564 877 2624 κάντεῦθεν
923 2569 991 2622 οῗ.
1045 2568 1110 2622 εἲ.
1162 2561 1228 2634 ἦν
1253 2591 1327 2642 ’γε

559 2677 606 2720 1.
640 2674 693 2720 3.
754 2658 873 2732 (κᾶν
907 2687 969 2745 ‚⁷⁰
1007 2665 1084 2725 3.)
1151 2666 1231 2719 Ita
1273 2673 1325 2720 5.
1388 2742 1390 2744 Ι

550 2782 776 2835 quoque,
813 2763 904 2814 sed
933 2761 1040 2814 sine
1068 2782 1163 2832 Ὑε.
1207 2758 1326 2817 κάν-

550 2856 743 2913 τεῦθεν
786 2847 880 2911 οὖν
923 2865 976 2911 2.
1012 2866 1069 2911 4.
1096 2861 1149 2913 6.
1199 2858 1326 2920 (sine

546 2947 614 3021 ἦν
639 2957 756 3028 γε.)

387 3061 542 3115 1378.
583 3043 915 3128 ἠρειδόμεσθ’
945 3060 991 3106 1.
1035 3044 1178 3127 ἦριζ.
1199 3059 1251 3106 2.
1272 3056 1323 3107 6.

545 3140 811 3224 ἐριδόμοθ
837 3157 892 3203 3.
928 3139 1063 3224 ἑριζ.
1090 3153 1142 3202 5.

386 3254 539 3309 1379.
576 3236 843 3317 κᾴσπήδει
884 3253 937 3300 3.
984 3246 1074 3313 sic,
1129 3247 1218 3299 sed
1245 3246 1317 3316 gl.

542 3336 603 3397 ἐν
625 3342 698 3407 τῆ
719 3336 829 3396 κόνι
853 3334 1098 3418 ἔρριπτε.

384 3446 536 3494 1380.
574 3433 690 3514 εὕρ.
722 3433 815 3492 οὐκ
848 3434 896 3493 ὲ.
925 3448 976 3494 5.
1006 3441 1061 3494 6.
1104 3459 1205 3513 ‘71⁰-
1234 3435 1317 3492 καὶ

541 3527 648 3589 τᾶν
670 3529 750 3590 εὖ.
793 3530 885 3590 οὐκ
911 3530 955 3590 ἑ.
993 3543 1314 3591 corrector2.

379 3635 531 3687 1381.
571 3623 612 3682 ὦ
648 3640 695 3684 1.
724 3638 776 3684 3.

927 275 1087 329 001.
1101 275 1373 329 LATIO
1416 275 1728 332 2111513113
1747 267 1848 332 M.

1600 646 1766 714 phane
1812 644 2076 698 Plutarchi
2122 643 2190 698 T.
2220 643 2267 698 I.
2314 663 2370 715 p.

1600 746 1722 793 850.
1756 740 1819 793 C.
1883 740 2119 795 Athenaei
2151 740 2251 794 VI.
2319 760 2374 811 p.

1601 843 1725 888 223.
1762 835 1823 890 Ε.
1866 835 1981 905 lege
2013 830 2287 908 ἠγάπησε(
2313 831 2375 910 ’γ’

1596 924 1664 984 ἂν
1699 925 1779 984 Τὸ
1810 923 1957 1003 ρἦα
1986 929 2161 986 τοῦτο
2188 952 2373 1008 'rapa-

1593 1019 1811 1096 λαβων
1820 1021 2191 1094 Δημοσθᾶνης.

1434 1130 1586 1175 1383.
1625 1112 2128 1199 b'wao-’wvaicrxvvr'
2189 1117 2271 1196 ἐξ.
2315 1131 2370 1179 3.

1595 1219 1689 1272 sic.

1434 1323 1584 1370 1384.
1622 1336 1711 1389 τρ.
1741 1309 1850 1369 πᾶν
1869 1322 1923 1368 5.
1970 1312 2369 1390 τραυλίσαντος

1594 1415 1647 1467 6.
1693 1411 1858 1476 voe-Ins*
1885 1414 1942 1465 6.

1434 1515 1586 1562 1385.
1623 1503 1769 1583 βρῆν
1805 1516 1859 1561 3.
1904 1501 2144 1583 βρῆνό.
2195 1503 2368 1563 εἴποις

1602 1614 1648 1662 1.
1683 1611 1732 1657 3.
1765 1610 1820 1655 4.
1854 1610 1908 1656 5.
1955 1613 2008 1656 et
2052 1622 2118 1657 ex
2164 1622 2265 1659 em.
2312 1612 2364 1658 2.

1598 1698 1752 1765 εἴπης
1785 1702 1838 1753 6.

1432 1801 1583 1852 1386.
1618 1795 1837 1863 μαμμᾶν
1864 1815 1960 1867 per
1982 1818 2056 1862 μμ.
2088 1804 2138 1849 1.
2164 1801 2218 1848 2.
2241 1798 2368 1867 526.

1581 1896 1751 1947 forsan
1780 1892 1882 1944 alii.
1924 1891 1989 1962 ᾃν
2016 1903 2073 1944 ut
2101 1890 2245 1944 infin.
2274 1890 2369 1954 bis,

1591 2001 1643 2043 et
1657 2010 1779 2042 mox
1793 1987 1991 2059 κακκᾷν
2029 1995 2084 2041 2.
2114 1983 2185 2043 ἂν
2200 1993 2253 2043 5.
2272 1998 2366 2042 ter.

1591 2081 1696 2151 ἥκω
1731 2093 1781 2139 3.
1808 2092 1862 2138 4.
1893 2090 1948 2138 5.
1997 2076 2131 2150 ἧκον
2165 2105 2240 2139 m.
2285 2104 2368 2156 pr.

1590 2193 1644 2237 2.
1675 2195 1726 2236 et
1744 2203 1899 2254 supra
1922 2193 2209 2236 correctum
2233 2175 2367 2247 ἥκω.

1588 2276 1736 2345 ἥκειν
1787 2283 1838 2335 6.
1922 2292 1973 2333 et
2028 2281 2099 2349 gl.
2161 2273 2364 2335 ἆλθσῗν.

1589 2376 1725 2429 Tum
1754 2368 1823 2431 ἂν
1847 2388 1964 2429 ante
1987 2367 2165 2450 ἄρτον
2179 2394 2288 2430 om.
2306 2384 2366 2430 4.

1587 2493 1690 2526 non
1727 2481 1782 2526 2.
1809 2480 1861 2526 3.
1886 2475 1939 2527 6.

1426 2577 1581 2628 1387.
1627 2577 1781 2630 1392.

1586 2668 1742 2718 semel
1773 2672 1826 2718 3.
1881 2662 2059 2718 Ceteri
2083 2685 2165 2718 κε.
2197 2653 2241 2716 δ’
2273 2657 2367 2717 οὐκ

1587 2756 1653 2817 ἂν
1705 2755 1752 2816 ε.
1806 2770 1861 2818 3.
1926 2755 2156 2837 φράσας
2211 2768 2258 2815 ι.
2314 2767 2366 2814 a.

1582 2854 1822 2935 (φράσαι
1848 2867 1901 2912 2.
1943 2858 2041 2911 etsi
2073 2879 2092 2911 ι
2126 2856 2210 2911 vix
2256 2876 2287 2910 a
2332 2874 2364 2911 c

1583 2954 1881 3016 discernas)
1950 2952 2045 3007 Gl.
2090 2960 2146 3007 2.
2184 2958 2239 3007 3.
2289 2949 2362 3006 εἰ·

1584 3051 1728 3106 πεῖν.

1423 3156 1575 3203 1388.
1617 3143 1825 3223 ἀπεσχ.
1912 3147 2083 3219 primo
2168 3145 2364 3200 videtur

1579 3245 1819 3298 habuisse
1860 3253 1916 3299 2.
1985 3245 2076 3297 sed
2128 3235 2358 3318 ἆπῶγχ.

1579 3361 1680 3395 em.
1714 3361 1787 3395 m.
1818 3361 1898 3412 pr.

1419 3445 1572 3498 1389.
1611 3433 1699 3491 καὶ
1731 3456 1838 3490 om.
1877 3445 1927 3489 1.
1959 3444 2013 3490 3.
2046 3445 2099 3491 5.

1417 3543 1571 3594 1391.
1607 3525 1712 3605 ἔξω
1739 3527 1864 3605 ’ξω
1898 3541 1942 3586 1.
1967 3541 2020 3588 3.
2059 3525 2116 3597 μ’
2141 3521 2188 3586 ὖ
2211 3538 2266 3587 5.

1418 3637 1569 3690 1392.
1605 3624 1659 3693 μ’
1690 3649 1796 3684 om.
1833 3638 1877 3683 1.
1905 3636 1959 3682 5.

1822 2563 1992 2623 κακοῖν
2014 2567 2094 2621 bis
2118 2572 2172 2620 5.
2200 2565 2368 2622 κακᾶν
