2522 4100
375 285 502 370 (¹4)

372 464 499 515 850.
533 461 616 515 τῶ
642 461 694 518 θ.
719 456 767 518 3.
800 473 855 519 s.
885 472 940 519 4.

373 562 497 610 852.
532 554 653 633 τρὶς·
679 581 726 613 κ.
767 561 905 614 solus
933 569 988 614 3.

374 658 501 707 853..
536 651 622 709 καὶ
651 650 730 709 ἔοι)
757 650 834 709 lov*
862 662 915 709 3.
946 664 1001 710 4.
1073 653 1194 707 Sine
1224 651 1309 707 καὶ

549 760 596 804 1.
627 758 680 803 2.
715 754 803 804 sed
831 751 881 803 in
905 758 960 802 2.
1005 746 1092 803 καὶ
1116 768 1257 819 supr.
1283 769 1312 802 a

542 856 827 901 correctore
863 866 958 916 pro
1004 863 1106 898 em.
1153 856 1208 898 ut
1238 845 1310 898 vi-

538 938 703 988 detur.

378 1032 502 1086 856.
540 1031 774 1101 Sycoph.
827 1040 873 1084 1.
923 1041 973 1084 et
1013 1041 1310 1103 sequentem

538 1146 740 1180 versum
767 1147 873 1181 om.
905 1148 935 1180 a
964 1148 1035 1181 m.
1070 1148 1146 1198 pr.

376 1224 501 1278 861.
539 1222 751 1276 Chrem.
801 1232 845 1276 1.
892 1231 946 1278 4.
996 1236 1047 1276 et
1095 1244 1158 1276 ex
1208 1243 1308 1276 em.

541 1340 614 1372 m.
640 1340 721 1390 pr.
749 1327 802 1373 3.
841 1319 1031 1390 (primo
1064 1318 1312 1380 Carioni.)

540 1416 695 1471 Justo
722 1425 778 1470 2.
823 1410 940 1489 ἐγώ
967 1406 1024 1469 δὲ
1050 1437 1103 1470 σ.
1135 1435 1199 1486 Ὑ.
1243 1409 1313 1468 τὸ

542 1535 606 1567 π.
636 1503 684 1566 δ.
709 1522 764 1568 4.

377 1612 501 1665 864.
540 1608 751 1663 Carioni
785 1617 828 1661 1.
855 1615 908 1663 2.
938 1614 989 1693 3.
1016 1617 1072 1663 4.

378 1707 504 1761 865.
541 1698 677 1770 ἡμᾶς·
717 1698 819 1758 ἅπ.
868 1709 922 1756 3.
983 1697 1168 1778 ’ἕτερος
1197 1715 1312 1757 σῦκ.

545 1800 818 1870 praefigunt
847 1808 891 1852 l.
916 1804 970 1852 3.
997 1805 1051 1854 4.

489 1935 503 1949 .
540 1886 602 1958 δὴ
631 1915 725 1966 pro
747 1885 884 1959 δῆτα
909 1901 961 1950 3.
998 1897 1104 1956 869
1127 1905 1179 1948 et
1194 1900 1317 1954 870.

547 1991 675 2045 Chr.
714 1999 760 2044 1.
783 1998 836 2044 2.
862 1999 916 2045 4.
950 2011 1048 2063 pro
1070 1990 1191 2045 Car.

546 2088 668 2142 Chr.
703 2099 752 2141 1.
793 2089 916 2142 Car.
946 2098 999 2143 2.
1046 2100 1317 2159 utrumque

547 2257 604 2305 4.
645 2198 879 2325 δῖιμέτερ
909 2258 962 2304 3.
996 2254 1051 2315 (η
1075 2254 1187 2303 rub.
1221 2269 1316 2320 pro

546 2347 638 2417 gh)
830 2415 833 2418 .

542 2443 680 2495 Ante
707 2431 871 2505 δῆλον
894 2440 1029 2514 Καρ.
1061 2449 1104 2492 l.
1131 2446 1184 2490 4.
1205 2442 1318 2505 (sed

551 2540 673 2592 Δικ.
692 2558 829 2609 supr.
852 2536 924 2598 4.)
950 2535 1163 2589 Nullam
1181 2556 1313 2606 pers.

370 2706 373 2707 ⁷
549 2638 601 2685 2.
626 2637 677 2682 3.
972 2691 974 2693 ¹
1068 2702 1072 2704 ῃ

386 2728 510 2786 876.
545 2720 641 2792 μὲν
669 2715 758 2779 οὖν
784 2733 837 2779 4.
909 2743 912 2744 ’
1072 2704 1078 2708 ν

371 2830 511 2884 879.
549 2815 579 2875 ὁ
606 2815 727 2877 θεὸς
754 2811 866 2874 ἔσθ’
893 2813 984 2874 ὅτι
1022 2829 1066 2871 l.
1088 2829 1142 2874 3.
1171 2830 1222 2872 et
1246 2839 1317 2872 m.

552 2939 635 2990 pr.
667 2924 720 2969 2.
785 2919 874 2969 sed
917 2937 1019 2992 Ύρ.
1072 2912 1158 2969 καὶ
1207 2907 1317 2969 ἔσθ’

384 2095 507 2149 873.

381 2450 505 2501 874.

549 3007 707 3071 οὗτος
738 3024 1010 3067 corrector.
1066 3011 1241 3065 Primo
1265 3020 1318 3066 4.

555 3106 603 3164 ἄ.
635 3133 691 3164 τ.
724 3103 948 3174 ἕλλησιν
973 3099 1129 3165 οὗτος
1161 3102 1322 3162 ὁθεός

552 3219 604 3261 et
640 3207 691 3259 in
726 3207 825 3260 alio
862 3225 1007 3258 versu
1046 3200 1319 3262 civ-0139—

555 3304 659 3357 Sed
713 3302 894 3356 deletis
952 3293 1106 3357 οὗτος
1161 3313 1211 3354 et
1274 3300 1319 3353 εἱ

553 3400 681 3455 alius
704 3399 829 3453 fecit

554 3494 588 3553 ὁ
619 3486 755 3554 θεὸς
784 3486 898 3548 ἔσθ’
930 3487 1120 3548 οὑτοσὶ
1147 3487 1236 3546 ὅτι

595 3578 606 3594 ,
693 3578 702 3597 .

609 3599 706 3642 “Vel

619 3666 623 3670 ·
678 3641 827 3709 τοὺς
859 3670 1008 3709 συκ.

931 289 1382 344 coLLATlo
1446 291 1757 346 PLUTI.

1404 475 1528 523 880.
1563 470 1733 527 κακῶς
1762 466 1946 530 κακοῦς
1973 480 2027 525 3.

1405 570 1529 619 881.
1564 556 1735 624 ἄδικος
1762 586 1857 637 pro
1891 569 2092 643 συκοφ.
2137 583 2344 639 semper

1568 661 1782 731 posthac
1814 674 2015 732 ponunt
2050 672 2097 717 l.
2125 670 2178 717 4.
2224 661 2342 730 (nisi

1570 758 1710 826 quod
1753 762 1878 817 899.
1921 778 2041 814 συκ.
2082 758 2164 820 4.)
2222 778 2342 814 crvx.

1564 860 1726 903 servat
1755 859 1808 905 2.
2324 866 2331 871 ·

1405 949 1527 998 883.
1566 940 1700 1019 χθὲς
1725 954 1779 999 2.

1405 1046 1529 1093 884.
1566 1037 1812 1115 προτιμῶ
1849 1051 1895 1095 1.
1925 1050 1980 1097 2.
2008 1049 2146 1098 3.·4.

1406 1156 1526 1203 885.
1563 1142 1804 1218 ἑβδάμου
1825 1152 1939 1216 (sic)
1968 1152 2110 1208 solus
2137 1161 2190 1210 3.
2224 1164 2263 1210 t.
2289 1166 2343 1210 et

1572 1248 1682 1300 sch.

1406 1342 1531 1395 886.
1570 1342 1707 1419 Καρ.
1743 1354 1788 1397 1.
1816 1355 1868 1400 3.
1917 1347 2056 1420 Χρε.
2083 1353 2134 1399 2.

1408 1445 1530 1496 887.
1568 1435 1754 1504 πολλή
1782 1434 1940 1495 ταῦτ’
1971 1432 2022 1495 ἔ.
2056 1449 2102 1494 1.
2125 1449 2180 1497 2.
2209 1451 2260 1496 3.
2287 1450 2342 1496 4.

1570 1534 1673 1596 (Ita
1694 1543 1750 1588 2.

1568 1626 1654 1684 καὶ
1678 1630 1861 1685 ταῦτα

1588 1716 1693 1766 τάδ’
1713 1717 1737 1764 ἐ

1577 1788 1775 1849 ταῦτ’
1794 1784 1951 1850 ἐστὶ
1978 1794 2095 1858 τάδ’
2115 1802 2229 1858 scil.
2250 1823 2346 1876 pro

1576 1915 1679 1949 em.
1711 1915 1742 1948 a
1767 1901 2090 1960 correctore).

1411 2005 1535 2062 889.
1570 1995 1724 2058 ἐστὶν
1756 1996 1816 2056 ἐν
1850 1993 2017 2059 οὐδενὶ
2055 2014 2110 2061 4.
2153 2025 2228 2060 m.
2259 2025 2343 2078 pr.

1578 2095 1684 2166 καὶ,
1729 2089 1936 2158 οὐδενός
1964 2101 2032 2154 L.

1411 2213 1534 2268 890.
1575 2206 1712 2281 Χρε.
1743 2215 1799 2261 2.
1845 2203 1982 2264 οἶσθ’
2016 2216 2065 2294 1.

2059 2329 2117 2358 ΤΕ

1410 2392 1533 2446 891.

1575 2502 1642 2533 τε
1672 2500 1766 2552 pro
1796 2480 1869 2550 gl.
1905 2479 2096 2550 potius.
2443 2519 2454 2545 3
2495 2531 2506 2550 ,ζ

1576 2590 1683 2643 Κα.
1714 2597 1766 2642 3.
1824 2580 1855 2643 δ
1891 2582 1946 2642 π’
1992 2582 2249 2654 ἀληθείας
2289 2594 2347 2642 4.
2502 2587 2506 2597 ’

1577 2689 1667 2740 sed
1705 2705 1842 2739 nunc
1888 2707 1914 2743 ς
1955 2684 2057 2737 del.
2085 2694 2144 2738 ut
2176 2694 2229 2737 et
2266 2685 2342 2738 lit.
2501 2676 2504 2686 λ

1411 2598 1534 2652 892.

1579 2794 1694 2835 ante
1719 2804 1781 2836 π.

1412 2901 1534 2955 893.
1571 2886 2028 2957 ἐμπεπλησμένου
2042 2901 2096 2970 2.
2117 2901 2168 2945 et
2181 2889 2348 2962 primo

1586 2995 1632 3040 1.
1682 2987 1804 3041 Sine
1831 2982 1891 3061 ’γ’
1923 2999 2158 3060 uterque.
2202 2986 2267 3039 In
2299 2995 2344 3041 1.

1573 3107 1602 3138 v
1632 3085 1682 3137 in
1711 3105 1735 3139 ς
1779 3095 1909 3138 mut.
1957 3087 2128 3138 forsan
2166 3085 2347 3138 eadem

1576 3202 1648 3234 m.
1695 3181 1789 3234 Gl.
1824 3188 1877 3233 2.
1929 3176 2345 3234 in‘nominativo.

1578 3272 1636 3348 ‘y’
1688 3268 2140 3341 ἐμπεπλησμένος
2186 3282 2242 3328 3.
2289 3283 2344 3331 4.

1574 3368 1652 3444 (γ’
1681 3392 1743 3425 ex
1788 3393 1888 3426 em.
1936 3373 2006 3443 ej.
2058 3390 2132 3423 m.
2180 3365 2241 3423 3.
2282 3372 2346 3422 ab

1576 3467 1719 3521 initio
1755 3472 1839 3530 4.)

1575 3558 1633 3635 ‘y'
1663 3557 1822 3618 ἐστὶν
1848 3571 1901 3617 4.

1576 3662 1701 3714 Δικ.
1736 3659 2075 3714 'cato—Ka.
2105 3657 2343 3713 τοῦ-1.

1412 3571 1535 3624 894.

1411 3666 1534 3720 897.

1573 2379 1690 2459 ’γάρ
1708 2405 1814 2438 om.
1837 2391 1895 2437 3.·
1928 2378 2157 2448 -ἦσετον
2177 2390 2229 2438 2.
2254 2385 2345 2438 sed
2448 2351 2462 2434 .-
2496 2367 2502 2382 ’μ
