2522 4100
389 280 464 341 Μ

1090 272 1593 336 ΠΛΟΥΤΟΣ.

613 442 885 511 ἅπαντα
931 450 1030 532 τῷ
1077 452 1397 511 πλουτεῖν
1444 443 1575 532 ’γὰρ
1624 442 1761 511 ἔσθ’
1811 445 2081 523 ὑπήκοα.

389 583 512 646 Κα.

610 577 824 662 ἔγωγέ
871 607 976 646 τοι
1025 579 1125 645 διὰ
1173 578 1397 668 μικρὸν
1445 579 1813 667 ἀργυρίδιον

614 708 844 776 δοῦλος
890 708 1268 792 γεγένημαι,
1319 707 1419 773 διὰ
1469 707 1551 774 τὸ
1600 707 1685 791 μὴ
1733 720 2058 776 πλουτεῖν
2103 713 2275 779 'io-wc.
2346 744 2350 750 ·

612 965 778 1034 ὅταν
823 965 938 1049 μὲν
984 965 1188 1034 αὐτάς
1234 994 1335 1032 τις
1382 966 1571 1040 πένης
1619 973 1851 1055 πειρῶν
1898 967 2095 1060 τύχῃ,

615 837 724 902 καὶ
770 837 891 902 τάς
937 842 1001 921 *γ’
1048 836 1313 924 ἑταίρας
1359 836 1536 925 φασὶ
1584 836 1704 902 τὰς
1752 840 2108 925 Κορινθίας,

2233 976 2359 1040 150

616 1094 758 1163 οὐδὲ
806 1093 1162 1183 προσέχειν
1209 1091 1328 1158 τὸν
1374 1098 1537 1157 νοῦν·
1619 1091 1730 1156 ἐὰν
1779 1091 1843 1158 δὲ
1898 1094 2243 1177 πλούσιος,

618 1226 740 1291 τὸν
786 1224 1091 1314 πρωκτὸν
1138 1221 1342 1290 αὐτὰς
1390 1220 1565 1288 εὐθὺς
1609 1227 1688 1285 ὠς
1737 1229 1985 1289 τοῦτον
2031 1225 2316 1312 τρέπειν.

392 1363 515 1423 Κα.

391 1523 492 1570 sine
513 1519 560 1568 ἐν
583 1526 682 1569 tres
695 1520 891 1584 primae,
912 1518 1138 1567 Brunck.
1160 1517 1264 1565 Inv.
1286 1515 1334 1564 6.

392 1605 476 1667 qui
498 1602 573 1667 gl.
598 1600 646 1649 ἐν
669 1608 785 1648 τοῖς.
808 1603 1012 1660 ’γίνονται
1033 1601 1192 1649 Dorv.
1222 1596 1337 1645 Vide

397 1681 511 1731 146.
562 1688 671 1730 181.
722 1685 832 1729 833.
904 1678 1122 1743 Thucyd.
1146 1680 1207 1726 V.
1256 1685 1335 1735 75.

396 1764 602 1828 Κάρνεια
624 1762 716 1827 γάρ
733 1762 893 1807 αὐτοῖς
910 1760 1176 1825 ἐτύγχανον
1197 1759 1333 1806 ὄντα.

393 1843 480 1890 Vl.
515 1841 597 1891 62.
649 1840 721 1886 καὶ
756 1840 972 1898 ἐγένοντο
1004 1839 1063 1903 ἐξ
1094 1839 1249 1885 αὐτῶν
1281 1841 1337 1886 ε’ί-

393 1942 496 1968 κοσι
545 1919 616 1966 καὶ
657 1920 828 1968 ἑκατόν
865 1921 1102 1977 τάλαντα,
1149 1936 1338 1968 consen-

391 2001 619 2048 tientibus
651 1999 903 2063 utrobique
928 2015 1032 2047 mss.
1072 2000 1213 2048 Cant.
1234 2000 1336 2048 ch.

393 2086 439 2128 5.
471 2088 547 2138 l9.
592 2085 638 2126 et
661 2078 760 2126 Nn.
787 2085 834 2126 3.
863 2086 941 2127 18.
988 2080 1081 2126 sive
1111 2078 1338 2127 Hudsoni

396 2158 791 2208 Clarendoniano.
857 2157 955 2206 Sed
975 2159 1027 2205 in
1042 2159 1210 2222 priore
1235 2159 1336 2206 loco

391 2239 650 2305 ἐτύγχανεν
687 2254 812 2286 unus·
853 2238 1027 2286 Gailii.
1092 2236 1337 2286 Indicavit

395 2317 648 2366 Fischerus
688 2316 755 2364 ad
791 2316 975 2364 Weller.
1002 2318 1098 2364 III.
1137 2333 1194 2380 p.
1219 2323 1334 2364 343.

393 2401 552 2462 inepte
573 2394 751 2445 addens
771 2394 874 2452 ἐ’θνη
905 2394 1198 2462 ἐστράτευον
1221 2397 1336 2443 VII.

395 2482 475 2531 57.
509 2474 614 2540 fin.
649 2482 694 2523 et
727 2476 825 2523 alia
841 2475 1103 2540 pueriliter
1117 2491 1335 2540 peccans.

399 2556 516 2605 Vide
547 2556 754 2604 Auctor.
794 2556 861 2604 ad
900 2557 1114 2603 Porsoni
1161 2557 1334 2620 Opusc.

388 2650 445 2701 p.
468 2642 583 2685 384.
628 2635 712 2684 ubi
743 2635 882 2693 adde,
919 2638 974 2682 αἷς
1008 2636 1119 2702 ὁρᾷς
1156 2635 1334 2700 Eurip.

397 2713 554 2762 Orest-
587 2719 700 2762 300.
740 2711 886 2761 1066.
937 2712 1193 2760 Philemon
1221 2713 1339 2761 Pol-

395 2794 520 2843 lucis
543 2793 632 2840 IX.
655 2792 736 2842 66.
761 2793 835 2840 vel
857 2793 1073 2841 Bentlei.
1097 2808 1145 2842 n.
1172 2800 1284 2843 281.

470 2870 582 2922 146.
616 2871 734 2935 ’ἑο-θ’]
770 2871 881 2918 εἰσὶν
907 2879 949 2922 1.

462 2951 555 3019 «γάρ
580 2952 651 3015 τῷ
673 2972 725 2998 π.
751 2951 914 3016 Borg.
940 2950 988 3001 6.

468 3038 580 3088 147.
616 3031 691 3080 δαὶ
710 3031 898 3097 σμικρὸν
927 3032 1206 3100 ἀργυρίδιον]
1242 3055 1337 3092 μικ-

395 3111 479 3178 ρόν
524 3110 623 3163 Th.
674 3112 916 3176 Magister
971 3129 1017 3160 v.
1064 3114 1189 3171 γοῦν,
1228 3115 1336 3163 MS.

402 3192 596 3242 Arund.
620 3192 788 3241 Schol.
812 3191 861 3239 in
878 3191 993 3239 Ald.
1018 3198 1069 3239 et
1091 3191 1169 3239 hic
1191 3192 1334 3255 [Bas.

405 3273 574 3336 1547]
607 3271 701 3321 Ed.
727 3270 840 3320 Ald.
865 3264 1095 3320 Eusfath.
1120 3272 1166 3319 in
1186 3274 1333 3322 Hom.

400 3352 546 3401 Iliad.
570 3355 630 3402 A.
666 3369 715 3416 p.
738 3350 818 3402 26.
854 3351 932 3401 ed.
958 3352 1102 3400 Rom.
1120 3353 1222 3416 [26‚
1241 3361 1329 3403 8=

404 3438 484 3487 20,
503 3433 574 3495 3.]
595 3439 744 3496 atque
761 3432 829 3482 ita
846 3431 1044 3480 omnino
1061 3432 1337 3496 legendum.

403 3510 557 3574 μικρὸς
591 3510 718 3558 enim
751 3511 958 3576 primam
988 3510 1239 3574 producit,
1284 3519 1340 3559 ut

404 3587 617 3637 diximus
660 3591 725 3639 ad
769 3591 1021 3641 Theocrit.
1067 3593 1207 3641 VIII.
1256 3599 1338 3648 74.

405 3670 561 3735 μικρὸν
605 3679 738 3720 recte
783 3673 906 3722 citat
947 3674 1338 3739 Jungermannus

614 1357 723 1420 καὶ
769 1354 919 1421 τούς
966 1383 1046 1439 γε
1094 1355 1325 1419 παῖδας
1371 1352 1584 1443 φασὶν
1633 1352 1801 1419 αὐτὸ
1850 1361 2058 1422 τοῦτο
2106 1357 2284 1446 δρᾷν,

1419 1514 1483 1563 ad
1510 1517 1698 1565 Polluc.
1727 1518 1816 1564 IX.
1842 1524 1924 1575 90.
1963 1518 2057 1579 ἐγώ
2077 1521 2169 1588 γάρ
2194 1543 2269 1571 σοι
2292 1522 2367 1571 διοῒ

1418 1596 1576 1661 μικρόν
1604 1604 1648 1645 1.

1489 1677 1615 1742 Καρ.
1662 1694 1753 1726 om.
1811 1679 1970 1727 Dorv.
2027 1681 2187 1747 μικρὸν
2237 1680 2362 1730 Ald.

1420 1752 1493 1800 D.
1514 1753 1579 1801 E.
1602 1755 1766 1804 Dorv.
1794 1756 1918 1805 Rav.
1956 1763 2004 1805 et
2028 1758 2193 1823 Borg.
2230 1758 2369 1823 apud

1418 1830 1608 1881 Inv.ad
1627 1831 1735 1882 126.
1763 1838 1952 1901 σμικρὸν
1973 1835 2118 1884 Junt.
2146 1845 2191 1884 1.
2215 1836 2288 1885 Β.
2309 1837 2364 1886 C.

1418 1912 1467 1962 6.
1524 1913 1755 1978 quomodo
1806 1922 2037 1980 posuerat
2081 1916 2366 1966 Brunekiue

1412 2009 1506 2057 per
1528 2009 1752 2052 errorem,
1787 2010 1919 2059 quem
1946 2003 2116 2060 postea
2135 1999 2363 2046 correxit.

1421 2072 1612 2138 σμικρόν
1633 2073 1676 2133 «γ’
1697 2076 1839 2126 .Ῑαηΐ.
1866 2085 1911 2127 2.
1935 2083 1982 2125 et
2005 2085 2052 2128 3.
2089 2084 2202 2128 teste
2221 2079 2367 2128 Hem·

1418 2152 1670 2210 sterhusio,
1697 2154 1763 2201 A.

1491 2242 1601 2291 149.
1639 2236 1722 2282 τάς
1748 2238 1809 2299 γ’]
1862 2239 1938 2284 Ita
1961 2238 2075 2286 Ald.
2113 2240 2240 2288 male
2280 2239 2363 2289 ed.

1420 2315 1622 2363 Kuster.
1660 2317 1745 2363 τοῖς
1770 2319 1838 2383 χ’.
1871 2316 1914 2376 «γ’
1945 2335 2041 2367 om.
2076 2321 2138 2368 A.
2169 2328 2213 2369 1.
2265 2337 2364 2370 non

1421 2396 1556 2443 Suid.
1583 2414 1628 2443 v.
1655 2399 1853 2462 ἑταῖραι.

1493 2482 1603 2524 150.
1651 2478 1827 2542 πηρῶν]
1863 2481 2030 2544 πειρῶν
2050 2482 2112 2527 Α.
2142 2488 2187 2528 1.
2224 2479 2364 2530 Suid.

1418 2555 1497 2603 ed.
1544 2572 1629 2604 ms.
1695 2556 1745 2603 in
1792 2575 1838 2604 v.
1893 2558 2130 2607 Priscian.
2172 2560 2362 2624 XVIII.

1417 2650 1466 2698 p.
1488 2641 1602 2683 238.
1627 2651 1672 2683 a.
1690 2635 1769 2684 ed.
1785 2636 1902 2684 Ald.
1939 2637 2138 2687 Omittit
2155 2638 2365 2688 Putoch.

1412 2730 1468 2778 p.
1491 2720 1634 2770 1198.

1487 2796 1647 2859 πηρῶν
1662 2811 1756 2859 per
1786 2812 1999 2844 errorem
2025 2796 2203 2857 Aldus,
2235 2800 2290 2849 J.
2315 2807 2364 2850 2.

1421 2877 1588 2942 πειρῶν
1610 2877 1662 2925 J.
1689 2884 1728 2924 l.

1494 2962 1654 3005 151-2.
1692 2954 1996 3021 προσέχει-
2018 2955 2180 3022 τρέπει
2205 2957 2366 3008 Dorv.

1494 3039 1605 3084 152.
1644 3037 1701 3081 οἷς
1723 3035 1919 3099 τοῦτον]
1955 3039 2012 3083 εἷς
2042 3043 2087 3084 l.
2121 3036 2260 3087 Suid.
2283 3037 2367 3087 ed.

1423 3130 1508 3162 ms.
1545 3114 1608 3176 [v.
1634 3115 1856 3180 ἑταῖραι]

1487 3194 1559 3240 καὶ
1585 3194 1670 3240 τὸν
1692 3193 1740 3243 6.
1789 3193 1833 3242 ἐς
1859 3210 1959 3259 pro
1993 3198 2050 3243 w‘s·
2088 3195 2215 3245 Καὶ).
2241 3194 2364 3245 εὖθιῗς

1419 3289 1509 3320 om.
1534 3271 1651 3320 Eeb.

1494 3360 1605 3403 153.
1641 3353 1799 3400 ταυτᾶ
1818 3354 1991 3418 τοῦτο]
2025 3355 2160 3402 τοῦτ’
2175 3355 2299 3402 adv-0⁸
2319 3363 2365 3404 1.

1423 3437 1578 3482 ταυτὸ
1600 3452 1697 3483 om.
1722 3437 1785 3484 A.

1490 3515 1608 3579 φασὶ
1655 3516 1810 3562 ταυτὸ
1843 3515 1996 3563 τοῦτο
2039 3521 2137 3565 troe
2165 3517 2365 3580 primae.

1423 3596 1544 3642 αὐτὸ
1562 3596 1683 3644 Rav.
1702 3611 1799 3661 pro
1823 3594 1994 3645 ταυτό.
2044 3596 2208 3645 Vocem
2230 3592 2382 3666 omit-⁰

1424 3683 1537 3726 tunt
1560 3676 1768 3744 Elbing.
1803 3684 1850 3726 et
1889 3676 1937 3726 6.
1995 3677 2178 3728 Contra
2200 3677 2363 3729 Dorv.
