<?xml version="1.0" encoding="UTF-8"?>
<!DOCTYPE html PUBLIC "-//W3C//DTD XHTML 1.0 Transitional//EN"
    "http://www.w3.org/TR/xhtml1/DTD/xhtml1-transitional.dtd">
<html xmlns="http://www.w3.org/1999/xhtml" xml:lang="en" lang="en">
 <head>
  <title>
</title>
<meta http-equiv="Content-Type" content="text/html;charset=utf-8" />
  <meta name='ocr-system' content='tesseract 3.04.00' />
  <meta name='ocr-capabilities' content='ocr_page ocr_carea ocr_par ocr_line ocrx_word'/>
</head>
<body>
  <div class='ocr_page' id='page_1' title='image "./ricardiporsonino00porsuoft_0590.png"; bbox 0 0 2522 4100; ppageno 0'>
   <div class='ocr_carea' id='block_1_1' title="bbox 422 237 1547 316">
    <p class='ocr_par' dir='ltr' id='par_1_1' title="bbox 422 237 1547 316">
     <span class='ocr_line' id='line_1_1' title="bbox 422 237 1547 316; baseline 0.001 -19"><span class='ocrx_word' id='word_1_1' title='bbox 422 237 597 316; x_wconf 79' lang='lat'><strong>(140)</strong></span> <span class='ocrx_word' id='word_1_2' title='bbox 710 243 715 252; x_wconf 87' lang='grc'><strong>“</strong></span> <span class='ocrx_word' id='word_1_3' title='bbox 1196 258 1547 298; x_wconf 73' lang='lat' dir='ltr'><strong>AnnENDA.</strong></span> 
     </span>
    </p>
   </div>
   <div class='ocr_carea' id='block_1_2' title="bbox 515 386 2319 445">
    <p class='ocr_par' dir='ltr' id='par_1_2' title="bbox 515 386 2319 445">
     <span class='ocr_line' id='line_1_2' title="bbox 515 386 2319 445; baseline -0.001 -10"><span class='ocrx_word' id='word_1_4' title='bbox 515 393 627 443; x_wconf 89' lang='grc'><strong>270.</strong></span> <span class='ocrx_word' id='word_1_5' title='bbox 673 386 808 435; x_wconf 84' lang='lat' dir='ltr'><strong>Alibi</strong></span> <span class='ocrx_word' id='word_1_6' title='bbox 853 387 1123 443; x_wconf 84' lang='lat' dir='ltr'><strong>Porsonus;</strong></span> <span class='ocrx_word' id='word_1_7' title='bbox 1193 387 1364 443; x_wconf 61' lang='lat' dir='ltr'><strong>“Brimo</strong></span> <span class='ocrx_word' id='word_1_8' title='bbox 1410 390 1485 436; x_wconf 90' lang='lat' dir='ltr'><strong>J.”</strong></span> <span class='ocrx_word' id='word_1_9' title='bbox 1542 387 1572 435; x_wconf 92' lang='lat' dir='ltr'><strong>i.</strong></span> <span class='ocrx_word' id='word_1_10' title='bbox 1606 403 1649 433; x_wconf 92' lang='lat' dir='ltr'><strong>e.</strong></span> <span class='ocrx_word' id='word_1_11' title='bbox 1696 388 1835 435; x_wconf 84' lang='lat' dir='ltr'><strong>Junt.</strong></span> <span class='ocrx_word' id='word_1_12' title='bbox 1866 393 1906 435; x_wconf 89' lang='lat'><strong>1.</strong></span> <span class='ocrx_word' id='word_1_13' title='bbox 1982 386 2125 436; x_wconf 88' lang='lat' dir='ltr'><strong>“Sed</strong></span> <span class='ocrx_word' id='word_1_14' title='bbox 2174 387 2319 445; x_wconf 71' lang='grc' dir='ltr'>δήπου</span> 
     </span>
    </p>
   </div>
   <div class='ocr_carea' id='block_1_3' title="bbox 414 483 2318 640">
    <p class='ocr_par' dir='ltr' id='par_1_3' title="bbox 414 483 2318 640">
     <span class='ocr_line' id='line_1_3' title="bbox 414 483 1026 547; baseline 0.002 -15"><span class='ocrx_word' id='word_1_15' title='bbox 414 484 594 532; x_wconf 82' lang='lat' dir='ltr'><strong>Athen.</strong></span> <span class='ocrx_word' id='word_1_16' title='bbox 615 483 704 533; x_wconf 90' lang='lat' dir='ltr'><strong>IX.</strong></span> <span class='ocrx_word' id='word_1_17' title='bbox 731 500 778 547; x_wconf 88' lang='lat' dir='ltr'><strong>p.</strong></span> <span class='ocrx_word' id='word_1_18' title='bbox 799 490 915 541; x_wconf 86' lang='lat'><strong>397.</strong></span> <span class='ocrx_word' id='word_1_19' title='bbox 943 487 1026 533; x_wconf 90' lang='lat' dir='ltr'><strong>E.”</strong></span> 
     </span>
     <span class='ocr_line' id='line_1_4' title="bbox 512 573 2318 640; baseline -0.001 -16"><span class='ocrx_word' id='word_1_20' title='bbox 512 573 629 624; x_wconf 87' lang='lat'><strong>386.</strong></span> <span class='ocrx_word' id='word_1_21' title='bbox 667 576 790 623; x_wconf 87' lang='lat' dir='ltr'><strong>Dele</strong></span> <span class='ocrx_word' id='word_1_22' title='bbox 812 576 918 632; x_wconf 86' lang='lat' dir='ltr'><strong>ista,</strong></span> <span class='ocrx_word' id='word_1_23' title='bbox 947 575 1061 623; x_wconf 64' lang='lat' dir='ltr'><strong>Vide</strong></span> <span class='ocrx_word' id='word_1_24' title='bbox 1082 591 1146 622; x_wconf 74' lang='lat' dir='ltr'><strong>em</strong></span> <span class='ocrx_word' id='word_1_25' title='bbox 1163 579 1258 622; x_wconf 67' lang='lat' dir='ltr'><strong>&amp;m</strong></span> <span class='ocrx_word' id='word_1_26' title='bbox 1294 576 1370 622; x_wconf 94' lang='lat' dir='ltr'><strong>De</strong></span> <span class='ocrx_word' id='word_1_27' title='bbox 1394 574 1510 634; x_wconf 79' lang='grc' dir='ltr'>ἧμιν,</span> <span class='ocrx_word' id='word_1_28' title='bbox 1535 574 1645 634; x_wconf 75' lang='grc' dir='ltr'>ὗμιν,</span> <span class='ocrx_word' id='word_1_29' title='bbox 1666 576 1778 624; x_wconf 88' lang='lat' dir='ltr'><strong>vide</strong></span> <span class='ocrx_word' id='word_1_30' title='bbox 1802 578 2006 625; x_wconf 90' lang='lat' dir='ltr'><strong>Porson.</strong></span> <span class='ocrx_word' id='word_1_31' title='bbox 2030 575 2172 640; x_wconf 85' lang='lat' dir='ltr'><strong>praef.</strong></span> <span class='ocrx_word' id='word_1_32' title='bbox 2193 577 2318 624; x_wconf 74' lang='lat' dir='ltr'><strong>Hec-</strong></span> 
     </span>
    </p>
   </div>
   <div class='ocr_carea' id='block_1_4' title="bbox 415 663 2318 823">
    <p class='ocr_par' dir='ltr' id='par_1_4' title="bbox 415 663 2318 823">
     <span class='ocr_line' id='line_1_5' title="bbox 415 663 2318 726; baseline 0.001 -15"><span class='ocrx_word' id='word_1_33' title='bbox 415 678 466 726; x_wconf 86' lang='lat' dir='ltr'><strong>p.</strong></span> <span class='ocrx_word' id='word_1_34' title='bbox 498 669 596 720; x_wconf 59' lang='lat'><strong>37.</strong></span> <span class='ocrx_word' id='word_1_35' title='bbox 636 663 698 712; x_wconf 89' lang='lat' dir='ltr'><strong>ad</strong></span> <span class='ocrx_word' id='word_1_36' title='bbox 746 665 877 712; x_wconf 89' lang='lat' dir='ltr'><strong>Plut.</strong></span> <span class='ocrx_word' id='word_1_37' title='bbox 915 663 1030 711; x_wconf 86' lang='grc'><strong>286.</strong></span> <span class='ocrx_word' id='word_1_38' title='bbox 1089 670 1139 711; x_wconf 92' lang='lat' dir='ltr'><strong>et</strong></span> <span class='ocrx_word' id='word_1_39' title='bbox 1198 663 1306 712; x_wconf 67' lang='lat' dir='ltr'><strong>Pac.</strong></span> <span class='ocrx_word' id='word_1_40' title='bbox 1346 669 1460 713; x_wconf 85' lang='grc'><strong>582.</strong></span> <span class='ocrx_word' id='word_1_41' title='bbox 1515 665 1722 712; x_wconf 87' lang='lat' dir='ltr'><strong>Elmslei.</strong></span> <span class='ocrx_word' id='word_1_42' title='bbox 1771 666 1915 714; x_wconf 82' lang='lat' dir='ltr'><strong>Praef.</strong></span> <span class='ocrx_word' id='word_1_43' title='bbox 1962 666 2082 715; x_wconf 88' lang='lat' dir='ltr'><strong>OEd.</strong></span> <span class='ocrx_word' id='word_1_44' title='bbox 2124 667 2188 715; x_wconf 89' lang='grc' dir='ltr'><strong>Τ.</strong></span> <span class='ocrx_word' id='word_1_45' title='bbox 2260 667 2318 713; x_wconf 90' lang='lat' dir='ltr'><strong>ln</strong></span> 
     </span>
     <span class='ocr_line' id='line_1_6' title="bbox 418 757 1454 823; baseline -0.003 -14"><span class='ocrx_word' id='word_1_46' title='bbox 418 759 531 823; x_wconf 84' lang='lat' dir='ltr'><strong>Lys.</strong></span> <span class='ocrx_word' id='word_1_47' title='bbox 559 765 667 808; x_wconf 79' lang='grc'><strong>124.</strong></span> <span class='ocrx_word' id='word_1_48' title='bbox 701 758 832 806; x_wconf 69' lang='grc' dir='ltr'>ἐστὶν</span> <span class='ocrx_word' id='word_1_49' title='bbox 852 761 956 816; x_wconf 83' lang='grc' dir='ltr'>η’μΐν</span> <span class='ocrx_word' id='word_1_50' title='bbox 979 757 1134 820; x_wconf 89' lang='lat' dir='ltr'><strong>quivis</strong></span> <span class='ocrx_word' id='word_1_51' title='bbox 1156 757 1454 807; x_wconf 85' lang='lat' dir='ltr'><strong>emendabit.</strong></span> 
     </span>
    </p>
   </div>
   <div class='ocr_carea' id='block_1_5' title="bbox 349 860 2323 3465">
    <p class='ocr_par' dir='ltr' id='par_1_5' title="bbox 408 860 2323 1016">
     <span class='ocr_line' id='line_1_7' title="bbox 510 860 2323 929; baseline 0.001 -20"><span class='ocrx_word' id='word_1_52' title='bbox 510 861 625 910; x_wconf 73' lang='lat'><strong>446.</strong></span> <span class='ocrx_word' id='word_1_53' title='bbox 661 863 818 910; x_wconf 86' lang='lat' dir='ltr'><strong>Notat</strong></span> <span class='ocrx_word' id='word_1_54' title='bbox 859 862 1105 911; x_wconf 86' lang='lat' dir='ltr'><strong>Porsonus</strong></span> <span class='ocrx_word' id='word_1_55' title='bbox 1143 861 1298 908; x_wconf 87' lang='lat' dir='ltr'><strong>citare</strong></span> <span class='ocrx_word' id='word_1_56' title='bbox 1339 860 1535 910; x_wconf 84' lang='lat' dir='ltr'><strong>Suidam</strong></span> <span class='ocrx_word' id='word_1_57' title='bbox 1569 879 1614 909; x_wconf 91' lang='lat' dir='ltr'><strong>v.</strong></span> <span class='ocrx_word' id='word_1_58' title='bbox 1666 862 1885 921; x_wconf 68' lang='grc' dir='ltr'>ταυταγὶ,</span> <span class='ocrx_word' id='word_1_59' title='bbox 1920 863 2001 911; x_wconf 90' lang='lat' dir='ltr'><strong>ubi</strong></span> <span class='ocrx_word' id='word_1_60' title='bbox 2038 880 2126 912; x_wconf 82' lang='lat' dir='ltr'><strong>ms.</strong></span> <span class='ocrx_word' id='word_1_61' title='bbox 2163 863 2323 929; x_wconf 67' lang='grc' dir='ltr'>ὀρνέου</span> 
     </span>
     <span class='ocr_line' id='line_1_8' title="bbox 408 952 901 1016; baseline -0.002 -16"><span class='ocrx_word' id='word_1_62' title='bbox 408 953 534 1011; x_wconf 83' lang='lat' dir='ltr'><strong>male</strong></span> <span class='ocrx_word' id='word_1_63' title='bbox 559 969 648 1016; x_wconf 91' lang='lat' dir='ltr'><strong>pro</strong></span> <span class='ocrx_word' id='word_1_64' title='bbox 673 952 718 1001; x_wconf 86' lang='grc' dir='ltr'><strong>ἐν</strong></span> <span class='ocrx_word' id='word_1_65' title='bbox 740 952 901 1016; x_wconf 83' lang='grc' dir='ltr'>ὄρνισι.</span> 
     </span>
    </p>

    <p class='ocr_par' dir='ltr' id='par_1_6' title="bbox 404 1041 2319 1294">
     <span class='ocr_line' id='line_1_9' title="bbox 507 1041 2319 1108; baseline -0.003 -13"><span class='ocrx_word' id='word_1_66' title='bbox 507 1052 618 1095; x_wconf 83' lang='grc'><strong>514.</strong></span> <span class='ocrx_word' id='word_1_67' title='bbox 656 1041 928 1091; x_wconf 81' lang='grc' dir='ltr'>δεινότατόν</span> <span class='ocrx_word' id='word_1_68' title='bbox 969 1045 1011 1102; x_wconf 77' lang='grc' dir='ltr'><strong>γ’</strong></span> <span class='ocrx_word' id='word_1_69' title='bbox 1050 1042 1168 1091; x_wconf 83' lang='lat' dir='ltr'><strong>alibi</strong></span> <span class='ocrx_word' id='word_1_70' title='bbox 1212 1045 1476 1102; x_wconf 85' lang='lat' dir='ltr'><strong>Porsonus,</strong></span> <span class='ocrx_word' id='word_1_71' title='bbox 1527 1052 1581 1092; x_wconf 91' lang='lat' dir='ltr'><strong>ut</strong></span> <span class='ocrx_word' id='word_1_72' title='bbox 1625 1052 1799 1108; x_wconf 86' lang='lat' dir='ltr'><strong>postea</strong></span> <span class='ocrx_word' id='word_1_73' title='bbox 1841 1043 2136 1093; x_wconf 87' lang='lat' dir='ltr'><strong>Brunckius.</strong></span> <span class='ocrx_word' id='word_1_74' title='bbox 2166 1042 2319 1091; x_wconf 82' lang='lat' dir='ltr'><strong>-vide</strong></span> 
     </span>
     <span class='ocr_line' id='line_1_10' title="bbox 406 1136 2318 1203; baseline -0.002 -15"><span class='ocrx_word' id='word_1_75' title='bbox 406 1140 555 1203; x_wconf 88' lang='lat' dir='ltr'><strong>Vesp.</strong></span> <span class='ocrx_word' id='word_1_76' title='bbox 574 1138 688 1188; x_wconf 82' lang='lat'><strong>603.</strong></span> <span class='ocrx_word' id='word_1_77' title='bbox 716 1140 840 1186; x_wconf 90' lang='lat' dir='ltr'><strong>Ran.</strong></span> <span class='ocrx_word' id='word_1_78' title='bbox 862 1144 977 1194; x_wconf 83' lang='lat'><strong>730.</strong></span> <span class='ocrx_word' id='word_1_79' title='bbox 1013 1139 1069 1186; x_wconf 92' lang='lat' dir='ltr'><strong>In</strong></span> <span class='ocrx_word' id='word_1_80' title='bbox 1095 1138 1388 1187; x_wconf 78' lang='lat' dir='ltr'><strong>Pherecrate</strong></span> <span class='ocrx_word' id='word_1_81' title='bbox 1412 1138 1574 1186; x_wconf 89' lang='lat' dir='ltr'><strong>Schol.</strong></span> <span class='ocrx_word' id='word_1_82' title='bbox 1599 1140 1692 1203; x_wconf 87' lang='lat' dir='ltr'><strong>Eq.</strong></span> <span class='ocrx_word' id='word_1_83' title='bbox 1713 1145 1828 1188; x_wconf 79' lang='grc'><strong>420.</strong></span> <span class='ocrx_word' id='word_1_84' title='bbox 1862 1141 1906 1197; x_wconf 72' lang='grc' dir='ltr'><strong>γ’</strong></span> <span class='ocrx_word' id='word_1_85' title='bbox 1927 1138 2066 1187; x_wconf 86' lang='lat' dir='ltr'>addit</span> <span class='ocrx_word' id='word_1_86' title='bbox 2088 1136 2254 1187; x_wconf 84' lang='lat' dir='ltr'><strong>Suidae</strong></span> <span class='ocrx_word' id='word_1_87' title='bbox 2269 1153 2318 1185; x_wconf 83' lang='lat' dir='ltr'><strong>v.</strong></span> 
     </span>
     <span class='ocr_line' id='line_1_11' title="bbox 404 1229 897 1294; baseline 0 -17"><span class='ocrx_word' id='word_1_88' title='bbox 404 1230 624 1294; x_wconf 80' lang='grc' dir='ltr'>α’καλήφη</span> <span class='ocrx_word' id='word_1_89' title='bbox 649 1229 728 1278; x_wconf 90' lang='lat' dir='ltr'><strong>ed.</strong></span> <span class='ocrx_word' id='word_1_90' title='bbox 754 1231 897 1278; x_wconf 87' lang='lat' dir='ltr'><strong>Kust.</strong></span> 
     </span>
    </p>

    <p class='ocr_par' dir='ltr' id='par_1_7' title="bbox 506 1325 2190 1392">
     <span class='ocr_line' id='line_1_12' title="bbox 506 1325 2190 1392; baseline 0.001 -19"><span class='ocrx_word' id='word_1_91' title='bbox 506 1331 618 1379; x_wconf 81' lang='lat'><strong>515.</strong></span> <span class='ocrx_word' id='word_1_92' title='bbox 654 1327 713 1373; x_wconf 92' lang='lat' dir='ltr'><strong>In</strong></span> <span class='ocrx_word' id='word_1_93' title='bbox 738 1325 936 1374; x_wconf 89' lang='lat' dir='ltr'><strong>schedis</strong></span> <span class='ocrx_word' id='word_1_94' title='bbox 958 1327 1220 1383; x_wconf 90' lang='lat' dir='ltr'><strong>Porsonus,</strong></span> <span class='ocrx_word' id='word_1_95' title='bbox 1242 1326 1365 1392; x_wconf 78' lang='grc' dir='ltr'>ὄρνιν</span> <span class='ocrx_word' id='word_1_96' title='bbox 1384 1326 1595 1383; x_wconf 77' lang='grc' dir='ltr'>ἕστηκεν,</span> <span class='ocrx_word' id='word_1_97' title='bbox 1622 1334 1677 1374; x_wconf 92' lang='lat' dir='ltr'><strong>ut</strong></span> <span class='ocrx_word' id='word_1_98' title='bbox 1699 1334 1872 1389; x_wconf 82' lang='lat' dir='ltr'><strong>postea</strong></span> <span class='ocrx_word' id='word_1_99' title='bbox 1895 1325 2190 1374; x_wconf 84' lang='lat' dir='ltr'><strong>Brunckius.</strong></span> 
     </span>
    </p>

    <p class='ocr_par' dir='ltr' id='par_1_8' title="bbox 349 1417 2321 2140">
     <span class='ocr_line' id='line_1_13' title="bbox 499 1417 2319 1490; baseline -0.001 -16"><span class='ocrx_word' id='word_1_100' title='bbox 499 1430 618 1474; x_wconf 80' lang='grc'><strong>521.</strong></span> <span class='ocrx_word' id='word_1_101' title='bbox 656 1424 784 1473; x_wconf 89' lang='lat' dir='ltr'><strong>Vide</strong></span> <span class='ocrx_word' id='word_1_102' title='bbox 806 1417 1011 1473; x_wconf 88' lang='lat' dir='ltr'><strong>Porson.</strong></span> <span class='ocrx_word' id='word_1_103' title='bbox 1037 1425 1101 1473; x_wconf 92' lang='lat' dir='ltr'><strong>ad</strong></span> <span class='ocrx_word' id='word_1_104' title='bbox 1126 1426 1243 1473; x_wconf 86' lang='lat' dir='ltr'><strong>Pac.</strong></span> <span class='ocrx_word' id='word_1_105' title='bbox 1261 1425 1376 1483; x_wconf 76' lang='lat'><strong>649.</strong></span> <span class='ocrx_word' id='word_1_106' title='bbox 1411 1428 1774 1476; x_wconf 85' lang='lat' dir='ltr'><strong>Demosthenes</strong></span> <span class='ocrx_word' id='word_1_107' title='bbox 1796 1445 1842 1475; x_wconf 88' lang='lat' dir='ltr'><strong>c.</strong></span> <span class='ocrx_word' id='word_1_108' title='bbox 1866 1428 2109 1476; x_wconf 85' lang='lat' dir='ltr'><strong>Aristocr.</strong></span> <span class='ocrx_word' id='word_1_109' title='bbox 2131 1443 2182 1490; x_wconf 90' lang='lat' dir='ltr'><strong>p.</strong></span> <span class='ocrx_word' id='word_1_110' title='bbox 2203 1434 2319 1477; x_wconf 83' lang='grc'><strong>421.</strong></span> 
     </span>
     <span class='ocr_line' id='line_1_14' title="bbox 403 1517 2321 1582; baseline 0.001 -17"><span class='ocrx_word' id='word_1_111' title='bbox 403 1535 453 1566; x_wconf 83' lang='grc'><strong>11.</strong></span> <span class='ocrx_word' id='word_1_112' title='bbox 479 1525 590 1567; x_wconf 88' lang='grc'><strong>183.</strong></span> <span class='ocrx_word' id='word_1_113' title='bbox 615 1517 774 1580; x_wconf 82' lang='grc'><strong>(659.)</strong></span> <span class='ocrx_word' id='word_1_114' title='bbox 825 1518 1174 1582; x_wconf 67' lang='grc' dir='ltr'>ἐξαπατώντων</span> <span class='ocrx_word' id='word_1_115' title='bbox 1211 1540 1256 1565; x_wconf 85' lang='grc' dir='ltr'><strong>τι</strong></span> <span class='ocrx_word' id='word_1_116' title='bbox 1299 1521 1395 1565; x_wconf 68' lang='grc' dir='ltr'><strong>τῶν</strong></span> <span class='ocrx_word' id='word_1_117' title='bbox 1426 1519 1810 1578; x_wconf 81' lang='grc' dir='ltr'>Λακεδαιμονίων.</span> <span class='ocrx_word' id='word_1_118' title='bbox 1861 1522 1920 1567; x_wconf 86' lang='lat' dir='ltr'><strong>In</strong></span> <span class='ocrx_word' id='word_1_119' title='bbox 1960 1519 2192 1568; x_wconf 71' lang='lat' dir='ltr'><strong>Strattide</strong></span> <span class='ocrx_word' id='word_1_120' title='bbox 2232 1535 2321 1568; x_wconf 75' lang='lat' dir='ltr'><strong>ms.</strong></span> 
     </span>
     <span class='ocr_line' id='line_1_15' title="bbox 401 1611 2315 1677; baseline 0.001 -19"><span class='ocrx_word' id='word_1_121' title='bbox 401 1616 435 1668; x_wconf 69' lang='grc' dir='ltr'><strong>η’</strong></span> <span class='ocrx_word' id='word_1_122' title='bbox 455 1611 575 1672; x_wconf 67' lang='grc' dir='ltr'>μέγα</span> <span class='ocrx_word' id='word_1_123' title='bbox 597 1612 729 1661; x_wconf 79' lang='grc' dir='ltr'>κλέος</span> <span class='ocrx_word' id='word_1_124' title='bbox 751 1611 828 1660; x_wconf 80' lang='grc' dir='ltr'>ι’δέ.</span> <span class='ocrx_word' id='word_1_125' title='bbox 869 1612 1017 1669; x_wconf 82' lang='lat' dir='ltr'><strong>Quod</strong></span> <span class='ocrx_word' id='word_1_126' title='bbox 1043 1613 1145 1661; x_wconf 89' lang='lat' dir='ltr'><strong>fere</strong></span> <span class='ocrx_word' id='word_1_127' title='bbox 1165 1613 1350 1661; x_wconf 88' lang='lat' dir='ltr'><strong>nescias</strong></span> <span class='ocrx_word' id='word_1_128' title='bbox 1368 1621 1532 1663; x_wconf 87' lang='lat' dir='ltr'><strong>utrum</strong></span> <span class='ocrx_word' id='word_1_129' title='bbox 1554 1630 1584 1662; x_wconf 87' lang='lat' dir='ltr'><strong>e</strong></span> <span class='ocrx_word' id='word_1_130' title='bbox 1609 1613 1858 1677; x_wconf 84' lang='lat' dir='ltr'><strong>superiore</strong></span> <span class='ocrx_word' id='word_1_131' title='bbox 1876 1628 2016 1660; x_wconf 81' lang='lat' dir='ltr'><strong>versu</strong></span> <span class='ocrx_word' id='word_1_132' title='bbox 2038 1611 2315 1670; x_wconf 87' lang='lat' dir='ltr'><strong>defluxerit,</strong></span> 
     </span>
     <span class='ocr_line' id='line_1_16' title="bbox 384 1695 2318 1770; baseline -0.002 -16"><span class='ocrx_word' id='word_1_133' title='bbox 384 1721 464 1754; x_wconf 60' lang='lat' dir='ltr'><strong>‘an</strong></span> <span class='ocrx_word' id='word_1_134' title='bbox 505 1695 789 1770; x_wconf 79' lang='lat' dir='ltr'><strong>eorruptum</strong></span> <span class='ocrx_word' id='word_1_135' title='bbox 826 1705 892 1754; x_wconf 80' lang='lat' dir='ltr'><strong>sit</strong></span> <span class='ocrx_word' id='word_1_136' title='bbox 927 1723 990 1757; x_wconf 84' lang='lat' dir='ltr'><strong>ex</strong></span> <span class='ocrx_word' id='word_1_137' title='bbox 1029 1705 1125 1764; x_wconf 79' lang='grc' dir='ltr'><strong>ἥδε,</strong></span> <span class='ocrx_word' id='word_1_138' title='bbox 1165 1706 1297 1759; x_wconf 76' lang='lat' dir='ltr'><strong>varia</strong></span> <span class='ocrx_word' id='word_1_139' title='bbox 1337 1706 1542 1754; x_wconf 86' lang='lat' dir='ltr'><strong>lectione</strong></span> <span class='ocrx_word' id='word_1_140' title='bbox 1581 1722 1671 1769; x_wconf 91' lang='lat' dir='ltr'><strong>pro</strong></span> <span class='ocrx_word' id='word_1_141' title='bbox 1717 1708 1763 1761; x_wconf 75' lang='grc' dir='ltr'><strong>η’.</strong></span> <span class='ocrx_word' id='word_1_142' title='bbox 1819 1703 1959 1753; x_wconf 79' lang='lat' dir='ltr'><strong>Prius</strong></span> <span class='ocrx_word' id='word_1_143' title='bbox 1999 1711 2143 1768; x_wconf 83' lang='lat' dir='ltr'><strong>putat</strong></span> <span class='ocrx_word' id='word_1_144' title='bbox 2185 1704 2318 1768; x_wconf 85' lang='lat' dir='ltr'><strong>Aug.</strong></span> 
     </span>
     <span class='ocr_line' id='line_1_17' title="bbox 402 1793 2319 1860; baseline -0.002 -15"><span class='ocrx_word' id='word_1_145' title='bbox 402 1795 649 1853; x_wconf 80' lang='lat' dir='ltr'><strong>Meineke,</strong></span> <span class='ocrx_word' id='word_1_146' title='bbox 696 1797 812 1846; x_wconf 89' lang='lat' dir='ltr'><strong>Cur.</strong></span> <span class='ocrx_word' id='word_1_147' title='bbox 854 1796 979 1847; x_wconf 80' lang='lat' dir='ltr'><strong>Crit.</strong></span> <span class='ocrx_word' id='word_1_148' title='bbox 1017 1813 1066 1860; x_wconf 88' lang='lat' dir='ltr'><strong>p.</strong></span> <span class='ocrx_word' id='word_1_149' title='bbox 1091 1804 1172 1853; x_wconf 92' lang='lat'><strong>70.</strong></span> <span class='ocrx_word' id='word_1_150' title='bbox 1224 1796 1308 1860; x_wconf 86' lang='lat' dir='ltr'><strong>qui</strong></span> <span class='ocrx_word' id='word_1_151' title='bbox 1352 1793 1654 1855; x_wconf 71' lang='grc' dir='ltr'>Μεγακλέους</span> <span class='ocrx_word' id='word_1_152' title='bbox 1699 1793 1871 1843; x_wconf 83' lang='lat' dir='ltr'><strong>timide</strong></span> <span class='ocrx_word' id='word_1_153' title='bbox 1915 1793 2134 1857; x_wconf 81' lang='lat' dir='ltr'><strong>conjicit.</strong></span> <span class='ocrx_word' id='word_1_154' title='bbox 2192 1793 2319 1842; x_wconf 90' lang='lat' dir='ltr'><strong>Sub-</strong></span> 
     </span>
     <span class='ocr_line' id='line_1_18' title="bbox 349 1891 2319 1956; baseline -0.002 -15"><span class='ocrx_word' id='word_1_155' title='bbox 349 1900 353 1904; x_wconf 87' lang='lat'>&#39;</span> <span class='ocrx_word' id='word_1_156' title='bbox 405 1891 707 1942; x_wconf 79' lang='lat' dir='ltr'><strong>audiendum</strong></span> <span class='ocrx_word' id='word_1_157' title='bbox 743 1893 979 1949; x_wconf 69' lang='grc' dir='ltr'>παλλακή,</span> <span class='ocrx_word' id='word_1_158' title='bbox 1014 1892 1088 1940; x_wconf 82' lang='lat' dir='ltr'><strong>vel</strong></span> <span class='ocrx_word' id='word_1_159' title='bbox 1123 1892 1283 1956; x_wconf 88' lang='lat' dir='ltr'><strong>potius</strong></span> <span class='ocrx_word' id='word_1_160' title='bbox 1321 1894 1448 1951; x_wconf 67' lang='grc' dir='ltr'>γυνή,</span> <span class='ocrx_word' id='word_1_161' title='bbox 1490 1909 1582 1956; x_wconf 91' lang='lat' dir='ltr'><strong>per</strong></span> <span class='ocrx_word' id='word_1_162' title='bbox 1612 1891 1816 1940; x_wconf 86' lang='lat' dir='ltr'><strong>ironiam</strong></span> <span class='ocrx_word' id='word_1_163' title='bbox 1857 1906 1955 1955; x_wconf 89' lang='lat' dir='ltr'><strong>qua</strong></span> <span class='ocrx_word' id='word_1_164' title='bbox 1990 1898 2040 1937; x_wconf 86' lang='lat' dir='ltr'><strong>et</strong></span> <span class='ocrx_word' id='word_1_165' title='bbox 2078 1897 2319 1939; x_wconf 79' lang='lat' dir='ltr'><strong>nostrates</strong></span> 
     </span>
     <span class='ocr_line' id='line_1_19' title="bbox 403 1979 2320 2046; baseline -0.004 -14"><span class='ocrx_word' id='word_1_166' title='bbox 403 1990 626 2034; x_wconf 84' lang='lat' dir='ltr'><strong>utuntur.</strong></span> <span class='ocrx_word' id='word_1_167' title='bbox 668 1983 921 2046; x_wconf 77' lang='lat' dir='ltr'><strong>‚Compara</strong></span> <span class='ocrx_word' id='word_1_168' title='bbox 954 1986 989 2039; x_wconf 72' lang='grc' dir='ltr'><strong>η’</strong></span> <span class='ocrx_word' id='word_1_169' title='bbox 1024 1982 1076 2036; x_wconf 78' lang='grc' dir='ltr'><strong>,δὲ</strong></span> <span class='ocrx_word' id='word_1_170' title='bbox 1113 1984 1388 2034; x_wconf 74' lang='grc' dir='ltr'>Διοπείθους</span> <span class='ocrx_word' id='word_1_171' title='bbox 1422 1982 1572 2040; x_wconf 63' lang='grc' dir='ltr'>αἐιδιὶς</span> <span class='ocrx_word' id='word_1_172' title='bbox 1609 1979 1816 2038; x_wconf 74' lang='grc' dir='ltr'>Τέλεσις,</span> <span class='ocrx_word' id='word_1_173' title='bbox 1854 1979 2099 2028; x_wconf 86' lang='lat' dir='ltr'><strong>Philetaer.</strong></span> <span class='ocrx_word' id='word_1_174' title='bbox 2137 1979 2320 2033; x_wconf 84' lang='lat' dir='ltr'><strong>Athen.</strong></span> 
     </span>
     <span class='ocr_line' id='line_1_20' title="bbox 402 2077 868 2140; baseline 0.004 -16"><span class='ocrx_word' id='word_1_175' title='bbox 402 2077 545 2125; x_wconf 90' lang='lat' dir='ltr'><strong>XllI.</strong></span> <span class='ocrx_word' id='word_1_176' title='bbox 580 2093 631 2140; x_wconf 87' lang='lat' dir='ltr'><strong>p.</strong></span> <span class='ocrx_word' id='word_1_177' title='bbox 659 2082 773 2133; x_wconf 84' lang='lat'><strong>587.</strong></span> <span class='ocrx_word' id='word_1_178' title='bbox 809 2077 868 2129; x_wconf 86' lang='lat' dir='ltr'><strong>E.</strong></span> 
     </span>
    </p>

    <p class='ocr_par' dir='ltr' id='par_1_9' title="bbox 403 2170 2320 3169">
     <span class='ocr_line' id='line_1_21' title="bbox 480 2170 2315 2245; baseline -0.002 -23"><span class='ocrx_word' id='word_1_179' title='bbox 480 2171 620 2231; x_wconf 78' lang='grc'><strong>-649,</strong></span> <span class='ocrx_word' id='word_1_180' title='bbox 657 2174 725 2222; x_wconf 92' lang='lat' dir='ltr'><strong>Ut</strong></span> <span class='ocrx_word' id='word_1_181' title='bbox 748 2172 827 2221; x_wconf 89' lang='lat' dir='ltr'><strong>hic</strong></span> <span class='ocrx_word' id='word_1_182' title='bbox 851 2172 989 2231; x_wconf 81' lang='grc' dir='ltr'>δεῖνα,</span> <span class='ocrx_word' id='word_1_183' title='bbox 1019 2175 1090 2223; x_wconf 89' lang='lat' dir='ltr'><strong>ita</strong></span> <span class='ocrx_word' id='word_1_184' title='bbox 1114 2176 1160 2223; x_wconf 88' lang='lat' dir='ltr'><strong>in</strong></span> <span class='ocrx_word' id='word_1_185' title='bbox 1185 2177 1358 2245; x_wconf 87' lang='lat' dir='ltr'><strong>Eurip.</strong></span> <span class='ocrx_word' id='word_1_186' title='bbox 1384 2177 1560 2224; x_wconf 90' lang='lat' dir='ltr'><strong>Helen.</strong></span> <span class='ocrx_word' id='word_1_187' title='bbox 1588 2181 1731 2225; x_wconf 81' lang='lat'><strong>1155.</strong></span> <span class='ocrx_word' id='word_1_188' title='bbox 1764 2173 1885 2220; x_wconf 76' lang='grc' dir='ltr'>δεινοὶ</span> <span class='ocrx_word' id='word_1_189' title='bbox 1917 2170 2119 2221; x_wconf 86' lang='lat' dir='ltr'><strong>similem</strong></span> <span class='ocrx_word' id='word_1_190' title='bbox 2144 2185 2315 2219; x_wconf 86' lang='lat' dir='ltr'><strong>vocem</strong></span> 
     </span>
     <span class='ocr_line' id='line_1_22' title="bbox 403 2266 1621 2333; baseline 0.002 -20"><span class='ocrx_word' id='word_1_191' title='bbox 403 2267 537 2331; x_wconf 69' lang='grc' dir='ltr'>δεῦρο</span> <span class='ocrx_word' id='word_1_192' title='bbox 561 2266 858 2315; x_wconf 71' lang='lat' dir='ltr'><strong>obliteravit.</strong></span> <span class='ocrx_word' id='word_1_193' title='bbox 929 2268 1060 2330; x_wconf 85' lang='lat' dir='ltr'><strong>Lege</strong></span> <span class='ocrx_word' id='word_1_194' title='bbox 1107 2267 1158 2315; x_wconf 73' lang='grc' dir='ltr'><strong>ὃς</strong></span> <span class='ocrx_word' id='word_1_195' title='bbox 1193 2272 1261 2315; x_wconf 64' lang='grc' dir='ltr'><strong>τα“</strong></span> <span class='ocrx_word' id='word_1_196' title='bbox 1293 2271 1406 2316; x_wconf 66' lang='grc' dir='ltr'>θεῶν</span> <span class='ocrx_word' id='word_1_197' title='bbox 1439 2271 1591 2333; x_wconf 77' lang='grc' dir='ltr'>ἐσορᾷ</span> <span class='ocrx_word' id='word_1_198' title='bbox 1616 2304 1621 2308; x_wconf 36' lang='grc'>,</span> 
     </span>
     <span class='ocr_line' id='line_1_23' title="bbox 1108 2361 1685 2427; baseline -0.002 -19"><span class='ocrx_word' id='word_1_199' title='bbox 1108 2361 1244 2427; x_wconf 69' lang='grc' dir='ltr'>δεῦρο</span> <span class='ocrx_word' id='word_1_200' title='bbox 1279 2362 1350 2407; x_wconf 69' lang='grc' dir='ltr'>καὶ</span> <span class='ocrx_word' id='word_1_201' title='bbox 1385 2362 1505 2410; x_wconf 69' lang='grc' dir='ltr'>αὖθις</span> <span class='ocrx_word' id='word_1_202' title='bbox 1539 2364 1685 2410; x_wconf 77' lang='grc' dir='ltr'>ἐκεῖσε</span> 
     </span>
     <span class='ocr_line' id='line_1_24' title="bbox 1111 2451 1666 2516; baseline 0.004 -19"><span class='ocrx_word' id='word_1_203' title='bbox 1111 2452 1182 2498; x_wconf 69' lang='grc' dir='ltr'>καὶ</span> <span class='ocrx_word' id='word_1_204' title='bbox 1217 2451 1355 2499; x_wconf 76' lang='grc' dir='ltr'>πάλιν</span> <span class='ocrx_word' id='word_1_205' title='bbox 1387 2454 1666 2516; x_wconf 68' lang='grc' dir='ltr'>ἀμφιλόγως</span> 
     </span>
     <span class='ocr_line' id='line_1_25' title="bbox 1110 2547 1858 2613; baseline 0.003 -21"><span class='ocrx_word' id='word_1_206' title='bbox 1110 2547 1308 2602; x_wconf 69' lang='grc' dir='ltr'>πηδῶντ’</span> <span class='ocrx_word' id='word_1_207' title='bbox 1338 2547 1639 2594; x_wconf 75' lang='grc' dir='ltr'><strong>,ἀνελπίστοις</strong></span> <span class='ocrx_word' id='word_1_208' title='bbox 1675 2549 1858 2613; x_wconf 78' lang='grc' dir='ltr'>τύχαις.</span> 
     </span>
     <span class='ocr_line' id='line_1_26' title="bbox 405 2640 2315 2706; baseline -0.001 -17"><span class='ocrx_word' id='word_1_209' title='bbox 405 2640 705 2690; x_wconf 82' lang='lat' dir='ltr'><strong>Dubitanter</strong></span> <span class='ocrx_word' id='word_1_210' title='bbox 725 2640 872 2704; x_wconf 89' lang='lat' dir='ltr'><strong>posui</strong></span> <span class='ocrx_word' id='word_1_211' title='bbox 894 2641 1169 2705; x_wconf 69' lang='grc' dir='ltr'>ἀμφιλόγως</span> <span class='ocrx_word' id='word_1_212' title='bbox 1192 2659 1281 2706; x_wconf 86' lang='lat' dir='ltr'><strong>pro</strong></span> <span class='ocrx_word' id='word_1_213' title='bbox 1298 2641 1581 2701; x_wconf 70' lang='grc' dir='ltr'>αἰιτιλόγοις.</span> <span class='ocrx_word' id='word_1_214' title='bbox 1618 2644 1849 2690; x_wconf 88' lang='lat' dir='ltr'><strong>Ceterum</strong></span> <span class='ocrx_word' id='word_1_215' title='bbox 1874 2640 2044 2689; x_wconf 82' lang='lat' dir='ltr'><strong>confer</strong></span> <span class='ocrx_word' id='word_1_216' title='bbox 2061 2640 2315 2706; x_wconf 86' lang='lat' dir='ltr'><strong>Aristoph.</strong></span> 
     </span>
     <span class='ocr_line' id='line_1_27' title="bbox 404 2735 2320 2796; baseline -0.001 -9"><span class='ocrx_word' id='word_1_217' title='bbox 404 2740 526 2787; x_wconf 84' lang='lat' dir='ltr'><strong>Rau.</strong></span> <span class='ocrx_word' id='word_1_218' title='bbox 555 2745 701 2796; x_wconf 82' lang='lat'><strong>1109.</strong></span> <span class='ocrx_word' id='word_1_219' title='bbox 720 2735 828 2787; x_wconf 66' lang='lat' dir='ltr'><strong>&#39;Av.</strong></span> <span class='ocrx_word' id='word_1_220' title='bbox 847 2742 962 2787; x_wconf 82' lang='grc'><strong>425.</strong></span> <span class='ocrx_word' id='word_1_221' title='bbox 995 2741 1161 2789; x_wconf 86' lang='lat' dir='ltr'><strong>Schol.</strong></span> <span class='ocrx_word' id='word_1_222' title='bbox 1181 2740 1303 2788; x_wconf 79' lang='lat' dir='ltr'><strong>ibid.</strong></span> <span class='ocrx_word' id='word_1_223' title='bbox 1328 2740 1392 2788; x_wconf 88' lang='lat' dir='ltr'><strong>ad</strong></span> <span class='ocrx_word' id='word_1_224' title='bbox 1417 2747 1531 2795; x_wconf 83' lang='grc'><strong>347.</strong></span> <span class='ocrx_word' id='word_1_225' title='bbox 1568 2746 1617 2787; x_wconf 84' lang='lat' dir='ltr'><strong>et</strong></span> <span class='ocrx_word' id='word_1_226' title='bbox 1640 2739 1704 2787; x_wconf 88' lang='lat' dir='ltr'><strong>de</strong></span> <span class='ocrx_word' id='word_1_227' title='bbox 1727 2738 1794 2785; x_wconf 77' lang='grc' dir='ltr'><strong>τα“</strong></span> <span class='ocrx_word' id='word_1_228' title='bbox 1809 2740 1922 2786; x_wconf 73' lang='grc' dir='ltr'>θεῶν</span> <span class='ocrx_word' id='word_1_229' title='bbox 1944 2738 2224 2787; x_wconf 85' lang='lat' dir='ltr'><strong>Elmsleium</strong></span> <span class='ocrx_word' id='word_1_230' title='bbox 2248 2737 2320 2786; x_wconf 88' lang='lat' dir='ltr'><strong>ad·</strong></span> 
     </span>
     <span class='ocr_line' id='line_1_28' title="bbox 406 2825 2306 2900; baseline -0.002 -17"><span class='ocrx_word' id='word_1_231' title='bbox 406 2834 606 2883; x_wconf 77' lang='lat' dir='ltr'><strong>Herae-l.</strong></span> <span class='ocrx_word' id='word_1_232' title='bbox 631 2831 747 2882; x_wconf 87' lang='grc'><strong>618.</strong></span> <span class='ocrx_word' id='word_1_233' title='bbox 795 2833 892 2881; x_wconf 88' lang='lat' dir='ltr'><strong>Sed</strong></span> <span class='ocrx_word' id='word_1_234' title='bbox 918 2834 1134 2897; x_wconf 86' lang='lat' dir='ltr'><strong>optimus</strong></span> <span class='ocrx_word' id='word_1_235' title='bbox 1158 2834 1398 2900; x_wconf 86' lang='lat' dir='ltr'><strong>interpres</strong></span> <span class='ocrx_word' id='word_1_236' title='bbox 1421 2835 1516 2883; x_wconf 88' lang='lat' dir='ltr'><strong>erit</strong></span> <span class='ocrx_word' id='word_1_237' title='bbox 1538 2835 1638 2898; x_wconf 84' lang='lat' dir='ltr'><strong>ipse</strong></span> <span class='ocrx_word' id='word_1_238' title='bbox 1661 2825 1918 2898; x_wconf 82' lang='lat' dir='ltr'><strong>Euripides</strong></span> <span class='ocrx_word' id='word_1_239' title='bbox 1939 2833 2127 2883; x_wconf 86' lang='lat' dir='ltr'><strong>Troad.</strong></span> <span class='ocrx_word' id='word_1_240' title='bbox 2150 2826 2306 2883; x_wconf 66' lang='lat'><strong>1204.</strong></span> 
     </span>
     <span class='ocr_line' id='line_1_29' title="bbox 1115 2925 1877 2994; baseline 0.001 -22"><span class='ocrx_word' id='word_1_241' title='bbox 1115 2933 1236 2973; x_wconf 72' lang='grc' dir='ltr'>«τοῖς</span> <span class='ocrx_word' id='word_1_242' title='bbox 1273 2929 1471 2994; x_wconf 82' lang='grc' dir='ltr'>τρόποις</span> <span class='ocrx_word' id='word_1_243' title='bbox 1505 2929 1599 2992; x_wconf 72' lang='grc' dir='ltr'><strong>γάρ</strong></span> <span class='ocrx_word' id='word_1_244' title='bbox 1634 2930 1684 2974; x_wconf 87' lang='grc' dir='ltr'>αἶ</span> <span class='ocrx_word' id='word_1_245' title='bbox 1714 2925 1877 2993; x_wconf 72' lang='grc' dir='ltr'>τύχαι,</span> 
     </span>
     <span class='ocr_line' id='line_1_30' title="bbox 629 3018 1698 3088; baseline 0 -20"><span class='ocrx_word' id='word_1_246' title='bbox 629 3019 898 3078; x_wconf 77' lang='grc' dir='ltr'>ἔμπληκτος</span> <span class='ocrx_word' id='word_1_247' title='bbox 926 3018 990 3068; x_wconf 52' lang='grc' dir='ltr'><strong>ὀἷς</strong></span> <span class='ocrx_word' id='word_1_248' title='bbox 1024 3019 1280 3088; x_wconf 73' lang='grc' dir='ltr'>ἅνθρωπος,</span> <span class='ocrx_word' id='word_1_249' title='bbox 1315 3020 1484 3068; x_wconf 75' lang='grc' dir='ltr'>ἄλλοτ’</span> <span class='ocrx_word' id='word_1_250' title='bbox 1517 3021 1698 3068; x_wconf 72' lang='grc' dir='ltr'>ἄλλοσε</span> 
     </span>
     <span class='ocr_line' id='line_1_31' title="bbox 632 3108 1223 3169; baseline 0.007 -11"><span class='ocrx_word' id='word_1_251' title='bbox 632 3113 827 3169; x_wconf 70' lang='grc' dir='ltr'><strong>πηδῶσι.</strong></span> <span class='ocrx_word' id='word_1_252' title='bbox 1221 3108 1223 3110; x_wconf 27' lang='lat'>¹</span> 
     </span>
    </p>

    <p class='ocr_par' dir='ltr' id='par_1_10' title="bbox 410 3207 2315 3465">
     <span class='ocr_line' id='line_1_32' title="bbox 507 3207 800 3273; baseline 0.007 -17"><span class='ocrx_word' id='word_1_253' title='bbox 507 3207 625 3266; x_wconf 85' lang='lat'><strong>659.</strong></span> <span class='ocrx_word' id='word_1_254' title='bbox 655 3209 800 3273; x_wconf 77' lang='grc' dir='ltr'>λέγων</span> 
     </span>
     <span class='ocr_line' id='line_1_33' title="bbox 410 3299 2315 3369; baseline 0.005 -21"><span class='ocrx_word' id='word_1_255' title='bbox 410 3299 620 3351; x_wconf 55' lang='lat' dir='ltr'><strong>sunu-22</strong></span> <span class='ocrx_word' id='word_1_256' title='bbox 673 3302 799 3353; x_wconf 80' lang='lat' dir='ltr'><strong>Vide</strong></span> <span class='ocrx_word' id='word_1_257' title='bbox 833 3303 1298 3355; x_wconf 58' lang='lat' dir='ltr'><strong>Porsonssad&#39;Hec.</strong></span> <span class='ocrx_word' id='word_1_258' title='bbox 1319 3311 1433 3362; x_wconf 85' lang='grc'><strong>578.</strong></span> <span class='ocrx_word' id='word_1_259' title='bbox 1489 3306 1569 3369; x_wconf 76' lang='lat' dir='ltr'><strong>uhi</strong></span> <span class='ocrx_word' id='word_1_260' title='bbox 1605 3302 1696 3355; x_wconf 85' lang='lat' dir='ltr'><strong>ms.</strong></span> <span class='ocrx_word' id='word_1_261' title='bbox 1729 3306 1879 3355; x_wconf 86' lang='lat' dir='ltr'><strong>Paris.</strong></span> <span class='ocrx_word' id='word_1_262' title='bbox 1904 3312 2052 3363; x_wconf 82' lang='grc'><strong>2713.</strong></span> <span class='ocrx_word' id='word_1_263' title='bbox 2098 3307 2250 3358; x_wconf 83' lang='lat' dir='ltr'><strong>habet</strong></span> <span class='ocrx_word' id='word_1_264' title='bbox 2286 3324 2315 3357; x_wconf 87' lang='lat' dir='ltr'><strong>a</strong></span> 
     </span>
     <span class='ocr_line' id='line_1_34' title="bbox 412 3392 2314 3465; baseline 0.006 -18"><span class='ocrx_word' id='word_1_265' title='bbox 412 3415 557 3449; x_wconf 89' lang='lat' dir='ltr'><strong>manu</strong></span> <span class='ocrx_word' id='word_1_266' title='bbox 594 3402 752 3465; x_wconf 79' lang='lat' dir='ltr'><strong>prima</strong></span> <span class='ocrx_word' id='word_1_267' title='bbox 789 3400 949 3462; x_wconf 66' lang='grc' dir='ltr'>λέγων,</span> <span class='ocrx_word' id='word_1_268' title='bbox 993 3403 1091 3452; x_wconf 85' lang='lat' dir='ltr'><strong>imo</strong></span> <span class='ocrx_word' id='word_1_269' title='bbox 1125 3403 1295 3454; x_wconf 67' lang='lat' dir='ltr'><strong>¹&#39;stn’sau</strong></span> <span class='ocrx_word' id='word_1_270' title='bbox 1335 3392 1487 3465; x_wconf 48' lang='grc' dir='ltr'>λέγω.</span> <span class='ocrx_word' id='word_1_271' title='bbox 1518 3412 1647 3456; x_wconf 87' lang='lat' dir='ltr'><strong>certe</strong></span> <span class='ocrx_word' id='word_1_272' title='bbox 1693 3422 1790 3456; x_wconf 90' lang='lat' dir='ltr'><strong>non</strong></span> <span class='ocrx_word' id='word_1_273' title='bbox 1828 3404 1987 3465; x_wconf 73' lang='grc' dir='ltr'>λέγον.</span> <span class='ocrx_word' id='word_1_274' title='bbox 2038 3407 2097 3456; x_wconf 89' lang='lat' dir='ltr'><strong>ln</strong></span> <span class='ocrx_word' id='word_1_275' title='bbox 2132 3408 2314 3458; x_wconf 77' lang='lat' dir='ltr'><strong>Aesch-</strong></span> 
     </span>
    </p>
   </div>
   <div class='ocr_carea' id='block_1_6' title="bbox 802 3239 926 3247">
    <p class='ocr_par' dir='ltr' id='par_1_11' title="bbox 802 3239 926 3247">
     <span class='ocr_line' id='line_1_35' title="bbox 802 3239 926 3247; baseline 0 853"><span class='ocrx_word' id='word_1_276' title='bbox 802 3239 926 3247; x_wconf 95' lang='lat' dir='ltr'><strong> </strong></span> 
     </span>
    </p>
   </div>
   <div class='ocr_carea' id='block_1_7' title="bbox 932 3203 2317 3275">
    <p class='ocr_par' dir='ltr' id='par_1_12' title="bbox 932 3203 2317 3275">
     <span class='ocr_line' id='line_1_36' title="bbox 932 3203 2317 3275; baseline 0.004 -18"><span class='ocrx_word' id='word_1_277' title='bbox 932 3211 1032 3271; x_wconf 69' lang='grc' dir='ltr'><strong>ἄγω</strong></span> <span class='ocrx_word' id='word_1_278' title='bbox 1066 3211 1180 3262; x_wconf 83' lang='lat' dir='ltr'><strong>Ald.</strong></span> <span class='ocrx_word' id='word_1_279' title='bbox 1234 3203 1603 3273; x_wconf 53' lang='lat' dir='ltr'><strong>Ae&#39;qmss-ss-d‘oyoe</strong></span> <span class='ocrx_word' id='word_1_280' title='bbox 1639 3216 1777 3263; x_wconf 83' lang='lat' dir='ltr'><strong>Junt.</strong></span> <span class='ocrx_word' id='word_1_281' title='bbox 1811 3220 1854 3262; x_wconf 92' lang='lat'><strong>1.</strong></span> <span class='ocrx_word' id='word_1_282' title='bbox 1909 3212 2317 3275; x_wconf 72' lang='grc' dir='ltr'>λέγων-ἅγων</span> 
     </span>
    </p>
   </div>
   <div class='ocr_carea' id='block_1_8' title="bbox 415 3495 2145 3668">
    <p class='ocr_par' dir='ltr' id='par_1_13' title="bbox 415 3495 2145 3668">
     <span class='ocr_line' id='line_1_37' title="bbox 415 3495 2038 3568; baseline 0.006 -24"><span class='ocrx_word' id='word_1_283' title='bbox 415 3498 583 3562; x_wconf 88' lang='lat' dir='ltr'><strong>Suppl.</strong></span> <span class='ocrx_word' id='word_1_284' title='bbox 613 3503 724 3556; x_wconf 88' lang='grc'><strong>117.</strong></span> <span class='ocrx_word' id='word_1_285' title='bbox 760 3495 904 3560; x_wconf 65' lang='grc' dir='ltr'><strong>λέγω</strong></span> <span class='ocrx_word' id='word_1_286' title='bbox 924 3503 1171 3561; x_wconf 56' lang='lat' dir='ltr'><strong>velhem-310</strong></span> <span class='ocrx_word' id='word_1_287' title='bbox 1195 3502 1364 3561; x_wconf 71' lang='lat' dir='ltr'><strong>Aldus»,</strong></span> <span class='ocrx_word' id='word_1_288' title='bbox 1390 3504 1723 3560; x_wconf 86' lang='lat' dir='ltr'><strong>Robortellus,</strong></span> <span class='ocrx_word' id='word_1_289' title='bbox 1747 3503 2038 3568; x_wconf 86' lang='lat' dir='ltr'><strong>Stephanus.</strong></span> 
     </span>
     <span class='ocr_line' id='line_1_38' title="bbox 514 3599 2145 3668; baseline 0.001 -20"><span class='ocrx_word' id='word_1_290' title='bbox 514 3603 624 3648; x_wconf 90' lang='grc'><strong>701.</strong></span> <span class='ocrx_word' id='word_1_291' title='bbox 660 3599 788 3649; x_wconf 84' lang='lat' dir='ltr'><strong>Alibi</strong></span> <span class='ocrx_word' id='word_1_292' title='bbox 815 3600 1005 3650; x_wconf 84' lang='lat' dir='ltr'><strong>confert</strong></span> <span class='ocrx_word' id='word_1_293' title='bbox 1029 3603 1271 3652; x_wconf 89' lang='lat' dir='ltr'><strong>Porsonus</strong></span> <span class='ocrx_word' id='word_1_294' title='bbox 1300 3603 1554 3652; x_wconf 89' lang='lat' dir='ltr'><strong>Villoison.</strong></span> <span class='ocrx_word' id='word_1_295' title='bbox 1577 3603 1642 3651; x_wconf 90' lang='lat' dir='ltr'><strong>ad</strong></span> <span class='ocrx_word' id='word_1_296' title='bbox 1668 3605 1891 3668; x_wconf 86' lang='lat' dir='ltr'><strong>Longum</strong></span> <span class='ocrx_word' id='word_1_297' title='bbox 1910 3605 1976 3654; x_wconf 92' lang='lat'><strong>11.</strong></span> <span class='ocrx_word' id='word_1_298' title='bbox 2001 3621 2049 3668; x_wconf 90' lang='lat' dir='ltr'><strong>p.</strong></span> <span class='ocrx_word' id='word_1_299' title='bbox 2069 3612 2145 3654; x_wconf 89' lang='grc'><strong>88.</strong></span> 
     </span>
    </p>
   </div>
   <div class='ocr_carea' id='block_1_9' title="bbox 2415 0 2522 4100">
    <p class='ocr_par' dir='ltr' id='par_1_14' title="bbox 2415 0 2522 4100">
     <span class='ocr_line' id='line_1_39' title="bbox 2415 0 2522 4100; baseline 0 0"><span class='ocrx_word' id='word_1_300' title='bbox 2415 0 2522 4100; x_wconf 95' lang='lat' dir='ltr'><strong> </strong></span> 
     </span>
    </p>
   </div>
  </div>
 </body>
</html>
