2522 4100
429 268 604 345 (136)
1200 289 1552 330 Aoum-mm

527 422 668 471 1057.
706 416 945 464 Porsouus
968 416 1014 463 in
1037 419 1244 481 exempl.
1270 419 1419 475 Porti,
1446 425 1476 445 “
1495 417 1618 465 Vide
1645 416 1808 479 Toup.
1837 416 1883 462 in
1913 416 2116 478 Longini.
2146 429 2192 477 p.
2214 421 2328 465 24⁸.

422 510 501 557 ed.
528 513 656 556 4to.'’
691 508 805 559 Scil.
829 510 891 558 ad
919 511 956 559 F
958 526 997 557 r.
1018 512 1077 558 V.

525 599 667 658 1076.
695 601 1000 667 ἐκδραμόντες·
1023 602 1145 667 δουρὶ
1168 605 1248 667 ξιὶν
1270 602 1429 651 α’σπὶδι
1453 612 1551 653 tres
1571 604 1755 669 primae,
1791 603 1918 671 δουρὶ
1942 602 2016 650 καὶ
2039 603 2118 668 ξῦν
2138 602 2186 651 α’.
2220 610 2334 667 post

420 699 489 748 ΕΙ.
531 699 864 749 Christianum
904 701 1146 748 Porsonus
1182 701 1234 748 in
1267 700 1347 748 ed.
1392 701 1547 759 Porti,
1585 701 1850 750 conferens
1896 703 1991 766 Eq.
2022 700 2138 751 608.
2173 699 2334 762 (607.)

420 796 540 844 Ach.
567 802 681 845 532.
728 796 843 843 Eur.
884 795 1010 844 Hec.
1041 792 1151 842 146.
1201 798 1337 859 (143.
1386 797 1549 855 Pors.)
1605 795 1772 846 Phoen.
1810 795 1926 845 364.
1965 798 2123 858 (372.)
2171 795 2333 844 Plaut.

417 890 607 940 Asinar.
633 892 671 938 1.
693 897 739 940 3.
771 898 846 938 11.
895 890 948 937 Si
977 888 1041 938 de
1061 906 1111 939 re
1136 890 1391 939 notissima
1414 891 1560 954 plura
1582 891 1666 948 vis»,
1691 890 1775 939 adi
1801 893 2009 940 Auctar.
2037 889 2101 938 ad
2130 890 2330 939 Porson.

421 986 611 1048 Opusc.
643 1000 731 1048 pp.
752 981 928 1041 385,6.
973 982 1070 1031 Sed
1111 983 1240 1033 hanc
1278 985 1618 1049 conjecturam
1653 1001 1766 1033 eum
1813 983 2101 1049 repudiasse
2142 980 2329 1048 liqu'en

418 1077 530 1127 vide
553 1078 614 1126 ad
642 1078 759 1126 Pac.
782 1093 835 1141 p.
858 1083 967 1126 153.
990 1093 1038 1125 v.
1060 1086 1138 1126 11.

518 1176 663 1218 1122.
697 1170 754 1217 In
776 1168 1018 1217 Athenaeo
1044 1168 1119 1216 δισ
1144 1184 1328 1217 merum
1353 1186 1461 1218 esse
1492 1185 1705 1220 errorem
1737 1164 1885 1235 puto,'
1917 1177 2079 1220 ortum
2114 1185 2175 1219 ex
2205 1169 2331 1219 male

417 1264 625 1338 formato
647 1269 734 1311 aut
754 1263 917 1312 minus
938 1262 1188 1312 intellecto
1209 1279 1338 1337 nexu
1362 1280 1457 1328 pro
1479 1282 1560 1313 εω.
2099 1253 2102 1257 ⁴

521 1365 667 1409 1223.
703 1358 961 1423 Distingue
997 1366 1114 1423 post
1147 1357 1400 1419 βοώμενος.
1452 1359 1578 1419 Vide
1621 1362 1741 1410 Eur.
1786 1361 1961 1410 Helen.
1991 1367 2134 1411 1450.
2162 1368 2230 1419 ,εἰ
2267 1360 2332 1410 de

414 1451 673 1511 similibus,
697 1452 936 1501 αὖλεῖσθαι
959 1454 1058 1500 &c.
1081 1451 1242 1500 Schw.
1269 1452 1331 1500 ad
1355 1453 1538 1502 Athen.
1558 1455 1696 1502 XIV.
1722 1471 1774 1518 p.
1793 1454 1910 1505 633.
1935 1456 1993 1504 Ε.

514 1547 659 1592 1281.
693 1541 837 1590 Adde
860 1542 1048 1590 Eccles.
1071 1541 1214 1592 1062.
1249 1559 1276 1591 e
1300 1542 1419 1592 Rav.
1445 1543 2012 1611 δριμ·υπο-··ι“·ι-τριμματο-

521 1644 667 1687 1348.
703 1637 838 1687 Alibi
870 1638 1118 1687 Porsonus
1140 1636 1335 1687 confert
1362 1637 1580 1688 Theocr.
1598 1617 1661 1688 X.
1687 1644 1769 1689 55.
1804 1646 1856 1688 et
1879 1639 2052 1690 Schol.
2072 1645 2126 1689 et
2155 1638 2329 1688 Alexin

414 1732 757 1781 Athen-VIII.
779 1749 829 1796 p.
846 1731 960 1783 365.
985 1733 1043 1781 C.
1771 1747 1774 1750 ·

527 1833 673 1876 1422.
707 1827 767 1874 In
814 1842 967 1891 marg.
1012 1824 1253 1875 Brunckii
1298 1832 1441 1874 notat
1485 1825 1746 1884 Porsonus,
1793 1825 1925 1882 εἰδείη
1970 1825 2074 1874 sine
2110 1823 2167 1872 ἄν
2207 1816 2329 1874 ‘dare

414 1918 661 1968 Juntinam
690 1922 832 1978 1515.
868 1923 920 1965 et
941 1914 1235 1964 Athenaeum
1261 1914 1402 1962 vlu.
1424 1930 1474 1978 p.
1493 1920 1609 1963 351.
1635 1916 1696 1963 E.

516 2017 662 2066 1472.
699 2030 787 2066 την
827 2010 898 2055 νῦν
943 2005 1142 2056 διάθεσιν
1186 2005 1422 2071 Eupolidi
1464 2006 1629 2055 Suidae
1663 2023 1705 2054 v.
1762 2004 2025 2066 βαστάσας·
2064 1973 2328 2056 restituunt

414 2101 732 2154 Gaisfordius
759 2100 824 2148 ad
854 2100 1020 2164 Heph.
1050 2116 1099 2164 p.
1121 2104 1205 2149 45.
1246 2107 1298 2148 et
1336 2100 1582 2148 Porsonus
1620 2099 1671 2147 in
1701 2116 1819 2148 mss.
1827 2114 2142 2164 comparans
2174 2099 2329 2164 Phry-

412 2198 616 2247 nichum
657 2193 1070 2259 Harpocrationis
1101 2210 1145 2241 v.
1192 2190 1404 2241 διάθεσις.
1455 2194 1514 2241 In
1552 2191 1800 2257 Eupolide
1845 2192 2010 2240 Schol.
2047 2192 2327 2249 Nub.-99'7.

412 2293 588 2341 mirum
613 2277 689 2339 est
707 2289 948 2338 neminem
971 2288 1207 2352 probasse
1231 2287 1434 2337 Kusteri
1458 2286 1870 2349 emendationem,
1896 2287 1986 2332 τοῦ
2008 2287 2081 2332 νῦν
2104 2284 2306 2350 τρόπον.

513 2390 657 2440 1473.
693 2384 750 2430 In
775 2381 967 2430 schedis
983 2381 1235 2429 Porsonus
1256 2379 1329 2428 ἐπ’
1349 2378 1586 2428 αὐλείοισι.
1626 2379 1723 2428 Sed
1748 2379 1815 2428 ita
1830 2378 2023 2428 dudum
2042 2378 2329 2428 emendarat

412 2475 672 2525 Piersonus
694 2474 758 2522 ad
785 2473 966 2522 Moerin
988 2489 1040 2536 p.
1062 2479 1141 2520 88.

517 2572 662 2623 1519.
699 2560 962 2628 Euripides
986 2562 1048 2610 fr.
1074 2563 1172 2610 inc.
1192 2568 1238 2610 8.
1273 2562 1433 2623 (Stob.
1453 2563 1542 2610 IV.
1575 2579 1626 2626 p.
1647 2568 1727 2620 53,
1744 2566 1842 2622 10.)

713 2657 776 2704 τι)
811 2655 847 2703 δ’
881 2655 941 2703 uix
946 2656 970 2701 ii
1004 2674 1158 2701 τουτο
1191 2674 1265 2700 και
1301 2654 1364 2700 τὸ
1396 2654 1643 2718 λαιψηρον
1676 2663 1793 2719 φρεν
1796 2656 1857 2699 ὧν
1905 2655 1908 2657 Α

713 2755 772 2797 εἷς
805 2750 862 2814 ξυ
838 2743 1052 2814 υμφοραν
1083 2749 1248 2804 ἰἰστησ
1268 2746 1469 2803 πολλην
1502 2746 1557 2803 δη
1587 2746 1814 2813 βροτους.

409 2796 603 2909 (Malim
621 2845 783 2891 πολλα
799 2842 869 2901 δη,
889 2850 946 2891 ut
961 2843 1087 2891 Ran.
1106 2843 1243 2903 709.)
1265 2841 1543 2890 Menander
1556 2840 1619 2890 fr.
1635 2847 1714 2891 52.
1736 2842 1894 2903 (Stob.
1908 2841 2023 2890 XX.
2043 2857 2094 2905 p.
2112 2845 2328 2904 172,13.)

411 2941 474 2986 τό
509 2939 544 2986 δ’
568 2937 794 3003 ὄξύθυνμο
816 2957 915 2983 του
918 2957 979 2983 το
1015 2935 1087 2983 xla
1111 2939 1215 2982 λίνα
1244 2936 1420 3002 πικρόν.
1459 2934 1923 3001 InHippol.1462.
1971 2935 2072 2983 τόδ’
2107 2952 2206 2988 0111.
2237 2953 2327 2986 ms.

411 3034 543 3082 Flor.
593 3032 828 3080 Ceterum
864 3030 928 3079 de
961 3010 1058 3079 hoc
1103 3039 1385 3096 asynarteto
1424 3031 1554 3080 adde
1587 3032 1924 3081 Hermannum
1967 3033 2139 3081 Doctr.
2174 3033 2327 3082 Metr.

410 3142 459 3190 p.
493 3131 606 3182 593.
672 3125 730 3173 Iu
777 3124 970 3173 Cratini
1011 3124 1124 3173 loco
1169 3124 1340 3186 ultimo
1386 3124 1525 3192 ῥόδον
1570 3125 1705 3175 delet
1749 3123 2007 3174 Elmsleius
2050 3124 2154 3175 Ed.
2202 3125 2325 3176 Rev.

408 3220 475 3267 N.
498 3218 764 3267 XXXVII.
788 3234 840 3282 p.
866 3223 947 3274 89.
982 3197 1034 3266 el
1055 3216 1105 3265 in
1127 3216 1351 3281 Diphilo,
1375 3217 1614 3266 incertum
1639 3233 1744 3265 esse
1769 3224 1978 3266 metrum
2001 3222 2164 3280 putat,
2195 3223 2250 3265 ut
2272 3225 2325 3266 et

408 3311 459 3359 in
489 3310 695 3358 Platone
721 3308 842 3358 ibid.
861 3309 974 3358 XV.
1000 3325 1054 3373 p.
1077 3315 1191 3365 700.
1215 3310 1271 3357 F.
1319 3309 1500 3358 ἐνταῦθ’
1530 3309 1603 3358 ἐπ’
1637 3309 1787 3375 ἄκρων
1820 3309 1916 3356 τῶν
1950 3307 2202 3374 κροτάφων
2229 3307 2322 3374 ἔξει

408 3399 580 3467 λύχνον
609 3400 808 3474 δίμυξον.
849 3402 908 3448 In
932 3402 1063 3449 Mus.
1093 3401 1222 3450 Crit-
1241 3403 1326 3449 VI.
1351 3418 1400 3466 p.
1420 3409 1534 3460 287.
1579 3402 1725 3451 addit
1759 3404 1878 3451 Eur.
1915 3402 2029 3467 Ipb·
2057 3403 2260 3462 Tq402,
2272 3410 2321 3453 3.

410 3493 632 3543 Accedat
656 3494 976 3542 Pherecrates
1000 3495 1123 3542 Lex.
1147 3495 1250 3543 SG.
1276 3511 1323 3559 p.
1343 3494 1458 3553 379.
1493 3502 1544 3544 et
1565 3495 1732 3570 Suidae
1757 3513 1804 3546 v.
1837 3493 2037 3555 ἀλοάων,

709 3586 968 3651 ὑποζυγίοις
1003 3584 1264 3635 ἀλοάσαντ’
1299 3585 1423 3635 ⁶130&-
1454 3586 1741 3642 ἐκποιῆσαι.“
