2522 4100
405 335 441 375 Χ
1082 335 1266 377 ΙΝΒΕΧ
1314 335 1604 377 comeum.

499 461 576 512 16·
604 467 684 518 71.
716 469 825 522 139.
865 480 1011 529 supra
1050 466 1220 515 breves
1253 466 1459 531 syllabas
1485 466 1531 514 in
1556 464 1767 531 ποιήσῃς,
1794 463 2010 521 ποιητοῦ,
2041 464 2304 512 τυννουτωΐ.

499 555 644 605 Unde
664 556 860 606 videtur
891 558 1049 607 codex
1074 558 1303 607 Triclinii
1329 558 1613 607 recensione
1641 572 1738 604 non
1770 554 1997 604 immunis
2024 568 2157 611 esse:
2195 555 2309 603 vide

491 667 604 700 eum
630 652 678 700 in
705 654 897 717 Proleg.
926 655 1173 718 Aristoph.
1203 655 1343 703 Kust.
1370 670 1418 717 p.
1445 672 1490 702 x.

394 756 441 798 3.
479 750 554 799 vel
581 751 726 801 Cant.
746 759 792 801 3.
824 752 950 801 Bibl.
971 752 1114 802 Publ.
1137 753 1282 802 Cant.
1303 751 1399 800 Nn.
1421 757 1468 800 3.
1487 755 1535 799 3.
1564 748 1750 805 Plutus,
1772 745 1959 804 Nubes,
1984 761 2095 795 cum
2119 745 2315 796 scholiis

489 852 540 892 et
571 843 763 907 glossis.
833 844 1004 893 Codex
1044 844 1159 893 satis
1197 859 1386 900 recens,
1423 851 1471 891 et
1514 856 1644 905 saepe
1683 837 1918 887 mendose
1957 838 2186 904 scriptus,
2227 839 2313 890 sed

493 938 668 988 multas
693 939 897 1003 optimas
923 940 1162 988 lectiones
1185 938 1431 987 exhibens.

392 1039 439 1080 4.
475 1030 551 1079 vel
592 1031 731 1080 Cant.
758 1039 805 1080 4.
858 1032 985 1081 Bibl.
1023 1032 1165 1080 Publ.
1207 1032 1350 1079 Cant.
1394 1030 1492 1078 Nn.
1527 1037 1574 1077 3.
1610 1027 1687 1075 16.
1735 1027 1922 1083 Plutus,
1965 1026 2157 1084 Nubes,
2203 1041 2315 1075 eum

492 1123 666 1186 glossis
713 1130 762 1170 et
802 1123 1032 1180 scholiis;
1092 1139 1279 1180 recens,
1321 1131 1369 1170 et
1413 1120 1553 1169 valde
1598 1119 1941 1183 interpolatus.
1998 1118 2199 1182 Insigne
2236 1134 2318 1166 ex-

494 1220 724 1283 emplum,
750 1220 876 1269 Plut.
899 1225 1095 1278 879·80.
1827 1201 1830 1204 Ι

395 1316 462 1364 Ηί
486 1324 698 1379 quatuor
718 1316 917 1364 codices
943 1317 1162 1373 Askewii,
1186 1324 1231 1365 et
1254 1324 1398 1365 antea
1423 1314 1624 1372 Meadii,
1651 1312 1799 1362 fuisse
1819 1302 2063 1362 videntur.

396 1411 445 1453 5.
494 1389 570 1452 vel
618 1404 766 1454 Harl.
809 1412 855 1453 5.
930 1406 1226 1464 Harleianus
1271 1413 1417 1463 5725.
1475 1406 1603 1454 Plut.
1643 1403 1896 1454 266—fin.
1956 1402 2144 1460 Nubes,
2201 1415 2315 1451 cum

493 1500 662 1565 glossis
723 1509 771 1574 et
824 1502 1037 1551 scholiis.
1109 1505 1164 1550 In
1211 1504 1351 1552 Pluto
1406 1511 1518 1567 post
1557 1509 1671 1550 551.
1726 1509 1776 1549 et
1828 1516 1920 1565 per
1963 1481 2094 1548 totas
2141 1498 2317 1548 Nubes

494 1591 783 1655 plerumque
836 1592 1085 1641 consentit
1140 1610 1248 1642 cum
1301 1596 1511 1643 Barocc.
1546 1601 1630 1644 43.
1688 1601 1738 1641 et
1786 1589 2026 1648 Leidensi,
2076 1597 2316 1653 qnantum

497 1683 692 1748 quidem
718 1685 867 1747 hujus
894 1684 1128 1733 lectiones
1152 1686 1486 1734 innotuerunt.

395 1777 444 1826 6.
498 1777 575 1824 vel
622 1777 771 1825 Harl.
803 1776 851 1825 6.
915 1778 1208 1826 Harleianus
1231 1777 1379 1834 6307.
1422 1779 1612 1837 Plutus,
1657 1779 1857 1835 Nubes;
1918 1776 2101 1825 deinde
2159 1775 2314 1826 Ranae

490 1869 557 1917 ab
579 1869 673 1917 alia
690 1884 854 1925 manu,
881 1870 1209 1919 recentissima
1232 1870 1312 1918 illa
1337 1879 1388 1920 et
1413 1871 1841 1935 inelegantissima.

397 1964 467 2010 Ex
505 1962 579 2010 his
616 1977 697 2010 sex
733 1961 1005 2020 codicibus,
1050 1973 1091 2011 1.
1121 1969 1166 2012 2.
1192 1970 1239 2012 3.
1284 1972 1506 2013 accurate
1547 1966 1754 2022 contuli,
1795 1965 2057 2030 diligenter
2101 1963 2319 2013 excussis

489 2057 658 2122 glossis
688 2064 737 2105 et
774 2057 1004 2105 scholiis:
1044 2058 1091 2104 in
1123 2065 1171 2105 4.
1227 2058 1414 2107 scholia
1453 2058 1738 2123 marginalia
1777 2059 2066 2123 plerumque
2100 2057 2313 2122 neglexi.

498 2157 544 2198 5.
578 2146 625 2195 6.
662 2147 723 2196 ad
760 2148 931 2196 Nubes
977 2148 1091 2197 olim
1131 2150 1338 2199 collatos
1380 2166 1507 2199 nunc
1542 2150 1832 2215 recognovi;
1890 2159 1939 2198 et
1972 2149 2188 2207 Plutum,
2227 2148 2315 2198 sed

495 2241 653 2289 minus
694 2241 915 2300 sollicite,
950 2243 1255 2306 percucurri.
1312 2245 1367 2291 In
1412 2243 1564 2291 Ranis
1607 2244 1686 2292 hic
1728 2243 1794 2291 ibi
1831 2242 1877 2290 6.
1919 2251 1968 2291 et
2006 2244 2068 2290 A.
2107 2241 2315 2306 inspexi.

494 2333 587 2380 Per
624 2341 772 2381 totam
799 2335 1163 2398 Appendicem,
1203 2336 1296 2383 nisi
1330 2335 1411 2384 ubi
1443 2337 1588 2384 aliter
1623 2335 1804 2384 factum
1830 2352 1936 2384 esse
1969 2351 2164 2393 moneo,
2202 2348 2316 2382 usus

499 2445 603 2477 sum
629 2430 708 2479 ed.
731 2433 841 2480 Bas.
874 2437 1016 2482 1532.

1224 2642 1471 2674 *a

400 2855 520 2905 Αἶά.
557 2855 723 2904 Editio
749 2858 908 2906 Marci
934 2858 1144 2915 Musuri,
1172 2858 1389 2906 Venetiis
1415 2857 1547 2921 apud
1573 2856 1769 2912 Aldum,
1799 2862 1942 2912 1498.

400 2953 542 3000 Juvat.
574 2962 615 3001 l.
648 2953 724 3000 vel
758 2954 812 3001 J.
844 2961 888 3000 1.
934 2953 1101 3000 Editio
1127 2953 1366 3002 Bernardi
1390 2955 1574 3010 Juntae,
1602 2952 1856 3000 Florentiae
1879 2951 2010 3015 apud
2035 2950 2316 3015 Philippum

497 3052 711 3107 Juntam,
739 3056 886 3098 1515.

329 3124 343 3134 ⁶
401 3143 543 3191 Junt.
570 3151 617 3193 2.
649 3144 725 3192 vel
753 3145 805 3194 J.
833 3151 880 3193 2.
934 3143 1100 3191 Editio
1136 3141 1335 3195 Antonii
1379 3141 1590 3198 Fraciui,
1631 3139 1887 3188 Florentiae
1924 3138 2057 3203 apud
2094 3138 2317 3189 haeredes

500 3235 714 3300 Philippi
736 3238 915 3295 Juntae‚
947 3241 1091 3285 1525.
1375 3294 1377 3297 ι

404 3326 525 3374 Bas.
554 3334 594 3373 1.
641 3327 808 3376 Editio
848 3327 1058 3376 Simonis
1092 3326 1315 3391 Grynaei,
1353 3323 1557 3372 Basileae
1595 3325 1727 3389 apud
1772 3325 2099 3375 Cratandrum
2132 3333 2185 3375 et
2225 3327 2319 3375 Be-

503 3416 700 3476 belium‚
729 3424 873 3468 1532.

378 3511 525 3574 ᾨΒαε.
546 3519 592 3561 2.
632 3513 796 3562 Editio
821 3511 1118 3578 Sigismundi
1147 3511 1362 3569 Gelenii,
1388 3511 1592 3559 Basileae
1616 3512 1750 3577 apud
1778 3511 2086 3581 Frobenium,
2116 3515 2262 3565 1547.

446 3585 454 3591 .
477 3607 686 3660 Victorii
705 3618 752 3657 et
772 3610 977 3658 Bentleii
995 3618 1135 3659 notas
1156 3605 1420 3674 vulgarunt
1441 3610 1670 3674 Aloysius
1691 3609 1945 3658 Nickelius
1963 3609 2013 3658 in
2029 3605 2312 3691 Τὴὶεῧεῑιίὶ

402 3700 537 3749 Actis
562 3702 963 3762 Monacensibus‚
990 3704 1123 3751 Part.
1146 3704 1238 3751 ΙΙΙ.
1287 3711 1333 3752 et
1359 3703 1604 3766 Georgius
1632 3707 1815 3766 Burges
1850 3704 1897 3752 in
1923 3703 2095 3755 Diario
2128 3700 2311 3752 Critico
