2522 4100
946 255 1145 297 mnnx
1185 255 1470 298 comeum.
2076 242 2138 298 ix

234 394 531 443 Parmensis
565 396 716 446 2827.
786 389 1047 455 Excerpsit
1097 388 1285 438 scholia
1332 388 1544 446 Bastius,
1589 396 1638 436 et
1681 389 1871 454 aliquot
1915 392 2148 442 lectiones

324 484 607 544 inmiscuit,
647 499 771 549 quas
809 500 837 531 e
886 481 1125 532 Schaeferi
1162 480 1383 530 editione
1421 480 1554 530 Pluti
1593 482 2011 534 Hemsterhusiani
2048 488 2146 536 huc

324 578 572 627 transtuli.

219 671 351 723 Rau.
410 674 685 731 Menum,
733 671 1159 729 membranaceus,
1195 669 1328 734 apud
1365 669 1714 719 Invernizium.
1787 670 2024 721 Codicem
2066 690 2151 722 an-

321 767 649 835 tiquissimum
695 776 749 817 et
799 766 1043 832 optimum
1090 781 1249 831 nuper
1289 766 1614 831 pertractavit
1661 767 1734 815 vir
1781 767 2009 831 egregius
2056 771 2151 818 Im-

322 866 524 915 manuel
547 864 819 923 BekkeruS,
845 870 899 911 ut
921 862 984 911 ab
1007 862 1171 911 amico
1194 860 1379 910 audivi.
1421 862 1567 919 Vide,
1591 860 1741 910 Liber
1765 861 1830 911 G.
1856 861 2072 927 Burges.

218 956 355 1005 Τήϊε.
379 957 652 1023 Lysistrata
674 973 784 1006 cum
809 954 1018 1004 scholiis.
1046 954 1195 1004 Liber
1215 955 1329 1004 olim
1356 954 1584 1013 Bentleii,
1602 971 1732 1003 nunc
1751 953 1963 1019 Collegii
1981 956 2151 1014 nostri,

318 1053 580 1103 continens
625 1052 967 1118 apographum
1014 1058 1181 1101 textus
1232 1059 1281 1100 et
1327 1051 1620 1100 scholiorum
1666 1067 1694 1099 e
1742 1051 1850 1098 MS.
1894 1050 2150 1109 Vossiano,

319 1162 450 1196 nunc
491 1146 732 1202 Leidensi,
777 1153 830 1194 et
874 1144 1171 1194 scholiorum
1219 1162 1279 1192 ex
1328 1145 1428 1193 alio
1474 1143 1669 1202 codice,
1719 1141 2024 1192 Barocciano
2066 1151 2149 1194 38.

317 1238 521 1288 scilicet.
571 1237 697 1286 Vide
718 1236 781 1286 ad
807 1236 1011 1302 Lysistr.
1043 1243 1157 1287 200.
1191 1244 1239 1285 et
1262 1235 1512 1285 addenda.

217 1334 280 1384 U.
315 1332 814 1391 Vaticano-Urbinas,
846 1348 877 1381 a
908 1333 1156 1397 Zacagnio
1186 1332 1399 1381 collatus
1428 1331 1478 1380 in
1510 1347 1650 1380 usum
1678 1330 1898 1390 Kusteri,
1940 1349 1967 1379 e
2005 1332 2151 1396 cujus

320 1427 453 1478 libro
476 1428 702 1493 quaedam
728 1428 912 1477 notavi.
957 1425 1082 1475 vide
1107 1427 1176 1475 P.

220 1522 277 1572 V.
313 1522 603 1581 Vossianus,
626 1538 756 1570 nunc
786 1519 1060 1569 Leidensis.
1106 1521 1286 1569 Avium
1309 1520 1659 1584 fragmentum.

225 1628 268 1668 1.
294 1626 342 1670 2.
365 1618 415 1668 in
437 1619 645 1669 Porsoni
668 1619 813 1668 notis.
854 1617 1144 1667 Barocciani
1168 1624 1251 1667 34.
1274 1623 1356 1667 43.

222 1724 268 1766 1.
291 1724 341 1767 2.
372 1718 451 1767 vel
474 1718 618 1767 Can&
644 1725 688 1766 1.
714 1723 763 1766 2.
800 1717 851 1765 in
887 1716 1009 1766 meis
1038 1716 1167 1765 notis
1193 1724 1246 1766 et
1278 1717 1329 1764 in
1358 1714 1667 1780 Appendice.
1726 1716 1840 1764 Duo
1870 1712 2069 1763 codices
2103 1715 2153 1764 in

319 1812 495 1862 eodem
519 1812 790 1871 volumine,
820 1811 950 1861 Bibl.
987 1812 1132 1861 Publ.
1172 1812 1383 1861 Cantab.
1423 1811 1525 1860 Nn.
1558 1818 1607 1860 3.
1636 1818 1712 1860 15.
1760 1810 1900 1859 Prior
1933 1811 2155 1860 continet

322 1906 525 1956 Plutum
547 1914 600 1955 et
621 1906 761 1956 Nub.
783 1913 994 1962 1-470,
1020 1922 1047 1953 e
1071 1905 1414 1970 supplemento
1439 1904 1618 1952 scribae
1643 1902 1943 1962 recentioris,
1969 1902 2151 1953 deinde

321 2001 460 2052 Nub.
494 2001 750 2053 500-fin,
795 2010 847 2050 et
890 2002 1054 2050 Ranas
1100 2017 1213 2049 cum
1261 1999 1435 2064 glossis
1483 2007 1534 2048 et
1573 1997 1770 2047 scholiis
1813 2014 1844 2046 a
1889 2014 2038 2048 manu
2077 2007 2153 2048 sat

318 2097 549 2164 eleganti.
620 2100 677 2148 ln
711 2097 826 2157 fine,
855 2095 997 2145 αὗται
1029 2101 1079 2144 αἱ
1109 2097 1213 2162 περὶ
1238 2098 1325 2144 ‘roe's
1355 2097 1599 2162 συντάξεις·
1637 2098 1732 2143 τόν
1764 2095 1972 2163 ἀποριῶν
2003 2096 2153 2145 λύσεις·

319 2190 392 2239 ml
427 2193 580 2240 πᾶσαι
615 2191 757 2240 ἄλλοι
785 2191 1030 2257 ἐξηγήσεις·
1069 2191 1155 2239 εἶσὶ
1189 2194 1279 2238 τοῦ
1327 2192 1625 2255 σοφωτάτου
1661 2189 1732 2236 καὶ
1759 2189 2151 2256 ῥητορικωτάτον

317 2286 460 2352 stupor?
479 2286 614 2345 Onpc‘i
635 2287 726 2332 τοῦ
747 2288 1035 2350 μαγίστρου,
1060 2286 1150 2333 τοῦ
1173 2284 1249 2332 διά
1271 2285 1362 2331 τοῦ
1379 2286 1502 2332 θείου
1527 2283 1599 2330 καὶ
1623 2283 1875 2343 α’·γγελικοῧ
1893 2282 2153 2349 σχήματος

318 2376 758 2440 μτονρμασθὲντω
826 2377 1090 2427 θεοδοῦλου.
1206 2376 1380 2428 Codex
1446 2375 1717 2426 simillimus
1777 2375 1842 2435 ei,
1909 2376 1997 2441 qui
2052 2385 2151 2427 tres

315 2473 548 2540 Aeschyli
589 2481 640 2524 et
680 2472 887 2523 totidem
923 2473 1175 2538 Euripidis
1216 2472 1411 2522 fabulas
1444 2471 1562 2520 olim
1603 2470 1881 2528 continens,
1925 2487 2058 2520 nunc
2100 2472 2150 2520 in

316 2564 442 2616 duos
476 2565 744 2616 distractus
768 2573 860 2624 est,
889 2565 1018 2615 Bibl.
1055 2565 1202 2615 Publ.
1237 2566 1385 2615 Cant.
1416 2565 1519 2614 Nn.
1545 2571 1592 2613 3.
1624 2571 1700 2613 14.
1723 2570 1774 2611 et
1802 2569 1880 2619 17.
1926 2570 1975 2611 et
2002 2579 2150 2627 quem

314 2662 513 2712 Suculo
538 2662 677 2712 XIV.
712 2663 928 2728 assignat
955 2664 1199 2712 Por-sonus
1223 2663 1271 2712 in
1294 2663 1497 2729 Syllabo
1522 2661 1760 2712 Codicum
1788 2661 1998 2711 Orestis.

213 2762 467 2813 Posterior
508 2762 687 2822 codex,
723 2763 889 2828 priore
925 2763 1193 2820 recentior,
1227 2764 1445 2813 continet
1481 2764 1696 2821 Plutum,
1736 2762 2149 2822 Nubes,wRanas,

314 2872 427 2907 cum
458 2856 655 2908 scholiis
691 2856 1049 2922 marginalibus
1079 2858 1144 2907 ab
1173 2857 1343 2907 eadem
1380 2874 1547 2917 manu,
1583 2864 1632 2905 et
1668 2856 1843 2921 glossis
1877 2864 1926 2905 et
1954 2856 2152 2906 scholiis

314 2950 379 3003 ad
407 2952 602 3002 Plutum
626 2961 677 3002 et
700 2953 876 3003 Nubes
894 2954 960 3003 ab
978 2953 1076 3003 alio
1101 2953 1275 3012 scriba,
1303 2954 1387 3019 qui
1412 2963 1462 3004 et
1484 2954 1635 3003 varias
1658 2953 1894 3003 lectiones
1910 2954 2148 3018 plurimas

315 3041 587 3102 annotavit,
625 3051 677 3093 et
718 3044 879 3109 ipsum
917 3052 1105 3095 textum
1144 3045 1354 3095 subinde
1393 3046 1605 3097 refinxit.
1678 3047 1823 3095 Hunc
1867 3062 1993 3095 voco
2029 3048 2151 3099 Cor-

316 3145 572 3188 rectorem.
645 3140 825 3205 Incipit
864 3157 953 3190 ms.
984 3142 1073 3188 ‘ross'
1098 3142 1398 3205 σοφωτάτου
1423 3142 1495 3190 καὶ
1519 3143 1821 3204 λογιωτάτου
1854 3144 1991 3209 κνροῧ
2015 3145 2149 3204 θωμᾶ

313 3234 403 3281 voi?
426 3237 699 3302 μαγὶστρον
723 3237 923 3299 σύνοψις
949 3239 1037 3286 τοῦ
1060 3238 1173 3300 βίον
1197 3239 1547 3306 ἄριστοφάνους
1573 3241 1643 3287 καὶ
1671 3241 1754 3296 τῆς
1794 3240 1882 3285 τοῦ
1905 3238 2147 3306 δράματος·

316 3323 595 3375 ὑποθέσει-ο.
648 3327 844 3377 Deinde
881 3328 1075 3378 scholiis
1106 3328 1380 3395 praefixum,
1413 3348 1439 3379 a
1470 3349 1530 3379 m.
1568 3348 1640 3396 pr.
1669 3332 1847 3397 σχόλια
1875 3333 1963 3380 τοῦ
1998 3332 2148 3382 αὐτοῦ

311 3421 603 3486 ,rafica-pou.
663 3420 968 3480 Notandum,
1002 3421 1299 3487 quibusdam
1329 3424 1568 3489 praeponi,
1596 3422 1814 3471 παλαιόν.
1869 3423 1990 3474 Vide
2030 3426 2148 3474 Col-

314 3510 548 3561 lationem
570 3511 820 3564 Ran.562.
854 3514 1142 3566 Notandum
1156 3516 1324 3575 etiam,
1342 3517 1509 3583 longas
1524 3540 1570 3574 a,
1591 3541 1619 3576 ι,
1638 3540 1676 3574 υ,
1703 3516 1944 3568 interdum
1966 3519 2147 3569 lineola

312 3605 644 3671 superscripta
671 3605 890 3668 indicari,
930 3619 974 3659 ct
1003 3611 1288 3675 hujusmodi
1318 3613 1505 3675 signum
1543 3638 1571 3661 t.
1612 3611 1849 3672 adhiberi,
1872 3622 1922 3662 ut
1949 3614 1994 3663 iu
2026 3616 2144 3664 Ran.

1184 3718 1214 3754 t·
