2522 4100
433 221 564 297 (98)
1201 242 1552 283 ADDENDA.

427 370 593 431 λαβεῖν
630 374 658 416 ὁ
686 369 862 429 μισθός,
900 371 1032 419 Gail.
1058 372 1118 419 ad
1145 373 1381 437 Thucyd.
1409 376 1447 422 1.
1478 379 1589 423 138.
1634 374 1764 439 ἄξιος·
1798 377 2050 435 θαυμάσαι.
2109 378 2174 426 Et
2206 391 2337 437 sune,

424 464 462 512 si
503 465 651 529 plane
697 473 948 514 constaret
991 465 1061 514 ita
1099 467 1215 530 poni
1258 483 1403 530 posse
1442 469 1566 526 ὁτιή,
1610 485 1753 516 nemo
1793 486 1889 517 non
1935 470 2057 518 hanc
2097 442 2338 519 rationem

424 562 831 625 amplecteretur;
869 562 1139 625 praesertim
1159 578 1307 624 quum
1333 560 1473 616 δῆλον
1491 562 1599 619 ὁτιή
1623 563 1672 610 in
1697 566 2062 613 constructione
2086 556 2341 630 disjungat

425 658 724 708 Scholiastes
757 659 986 720 Platonis,
1019 675 1067 722 p.
1091 655 1171 706 36.
1221 658 1423 706 Ruhnk.
1454 659 1517 707 ad
1553 660 1765 723 Sophist.
1795 678 1846 725 p.
1875 668 1984 711 158.
2011 664 2252 713 12:241.
2275 662 2341 711 D.

425 754 546 804 HSt.
608 755 679 802 καὶ
722 755 886 818 τυφλῷ
924 753 1080 808 δῆλον.
1143 752 1216 800 ἐπὶ
1251 754 1345 800 τῶν
1381 752 1724 817 σαφεστάτων.
1780 754 2005 815 μέμνηται
2045 759 2224 814 ταύτης
2264 756 2339 804 nal

423 851 690 918 Me'vavsspoc
714 850 1031 909 Δεισιδαῖμονι
1054 849 1126 896 καὶ
1149 850 1471 918 Ῥαπιζομένῃ,
1504 852 1576 898 καὶ
1601 853 1950 920 Ἀριστοφάνης·
1974 854 2192 920 Πλούτῳ.
2245 853 2343 903 Sed

421 950 699 1012 exemplum
741 947 882 994 istius
919 946 1174 1010 positionis
1211 962 1324 994 eum
1363 947 1582 1011 Reisigio
1622 947 1914 1010 Conjectan.
1938 965 1989 1012 p.
2010 948 2091 1005 76.
2129 949 2348 1014 requiro.

419 1047 497 1092 De
529 1045 622 1107 Eq.
649 1051 728 1100 29.
768 1058 857 1090 suo
897 1042 1010 1089 loco
1051 1050 1239 1106 agetur.
1298 1043 1529 1091 Ceterum
1571 1060 1692 1092 meae
1732 1052 1862 1093 notae
1904 1044 2035 1093 adde
2074 1043 2349 1095 Auctorem

418 1138 660 1186 incertum
697 1134 916 1183 Εἱλώτων
944 1135 1074 1201 apud
1109 1136 1287 1184 Athen.
1314 1137 1449 1185 XIV.
1482 1154 1533 1201 p.
1555 1137 1671 1186 638.
1698 1139 1756 1185 Ε.
1809 1138 1873 1184 τά
1897 1138 2208 1206 Στησιχόρου

419 1232 629 1298 ἀρχαῖον
668 1229 847 1277 αἐἷδειν·
903 1232 932 1276 o‘
961 1229 1007 1276 Be*
1043 1229 1308 1285 Γνήσιππος
1343 1229 1473 1277 ἔστιν
1511 1230 1703 1278 α’κοιῖειν.
1759 1232 1964 1280 Sensum
2001 1233 2098 1280 loci
2134 1234 2346 1296 aperuit,

419 1325 601 1374 collato
633 1323 787 1373 Arist.
811 1323 948 1372 Nub.
980 1322 1125 1372 1360.
1161 1323 1441 1372 Jacobsius.
1495 1326 1660 1382 Verte,
1700 1326 1797 1373 Pro
1833 1326 1939 1374 istis
1971 1327 2202 1391 antiquie,
2241 1326 2348 1376 Cte-

419 1426 588 1489 cippus
621 1429 691 1471 est
722 1438 854 1488 quem
888 1420 1154 1470 audiamus.
1195 1421 1346 1485 Vesp.
1373 1427 1486 1470 351.
1538 1421 1642 1469 κούκ
1673 1420 1807 1470 ἔστιν
1842 1423 1961 1480 ὀπῆς·
1999 1423 2143 1483 οὐδὲν,
2183 1425 2344 1493 σέρφῳ

420 1521 614 1568 διαδῦναι
638 1517 1018 1575 ValckenaeriuS,
1042 1533 1136 1581 pro
1159 1515 1253 1563 οὐδ’
1273 1521 1326 1564 ει.

521 1626 601 1669 51.
637 1617 769 1666 Hinc
795 1615 1044 1664 detortum
1068 1622 1212 1679 putat
1237 1615 1561 1663 Casaubonus
1592 1616 1715 1665 illud
1742 1618 2041 1682 Antiphanis
2074 1619 2258 1675 Athen.
2277 1619 2344 1670 Χ.

422 1733 471 1779 p.
496 1721 611 1770 449.
632 1716 691 1762 A.
729 1711 864 1765 τουτ’
887 1710 991 1761 ἔστι
980 1733 1032 1770 ι,ν
1058 1733 1111 1765 ην
1134 1710 1172 1758 θ’
1196 1732 1223 1757 ο
1247 1732 1323 1776 «γρι
1309 1718 1415 1775 ”“φος
1436 1713 1639 1760 ἐνταυθα
1662 1711 1831 1778 ῥέπων.

515 1809 818 1860 64.1stud·v
833 1825 964 1872 saepe
988 1807 1129 1856 addit
1149 1823 1234 1855 ms.
1254 1807 1526 1857 Bibliorum
1547 1809 1921 1866 Alexandrinus,
1943 1809 2134 1871 (Grabe
2152 1807 2348 1871 Proleg..

423 1920 534 1967 cap.
555 1911 601 1952 2.
620 1903 706 1951 fol.
725 1920 768 1951 e.
791 1912 834 1951 1.
850 1903 900 1951 b.
928 1902 1009 1950 ed.
1034 1900 1324 1958 min.)Vide
1343 1901 1673 1951 SturziiDial.
1701 1903 1846 1951 Alex.
1870 1918 1917 1966 p
1939 1908 2050 1958 127.
2086 1900 2351 1966 Δήμητραν

417 1999 467 2046 in
503 1998 648 2048 titulo
675 1997 843 2063 hymni
881 2003 1042 2045 servat
1066 1995 1407 2053 RuhnkeniuS,
1439 1996 1489 2043 in
1515 1996 1720 2062 Cratylo
1746 1995 2016 2045 Bekkerus.
2050 1996 2122 2047 Ut
2144 1994 2348 2063 formam

419 2091 689 2156 legitimam
728 2091 906 2139 diserte
950 2090 1176 2155 agnoscit
1218 2092 1354 2154 Aug.
1394 2090 1621 2140 Matthiae
1662 2092 1753 2140 Gr.
1777 2093 1869 2140 Gr.
1902 2108 1953 2156 p.
1972 2097 2055 2148 95.
2096 2090 2178 2141 ed.
2202 2090 2352 2156 Angl.

422 2188 558 2237 Nub.
577 2185 693 2238 386.
721 2194 836 2244 549.
875 2182 1132 2251 Ὑαστὲραν,
1159 2184 1276 2241 760.
1309 2183 1452 2249 άὲραν
1475 2186 1627 2233 Dorv.

523 2287 603 2333 73.
636 2279 899 2345 ἐργάσεσθε
924 2278 1030 2326 κούκ
1055 2276 1304 2342 ἀφήσετον
1336 2277 1552 2326 Elmslei.
1578 2276 1707 2326 Ach.
1727 2282 1841 2333 733.
1888 2276 2027 2325 Idem
2065 2275 2189 2325 ibid.
2215 2276 2354 2334 ἔμελ·

424 2371 565 2430 λέτην
588 2381 639 2422 et
661 2376 938 2437 φθανοίτην,
968 2380 1078 2423 103.
1105 2378 1223 2423 485.
1645 2385 1650 2390 ’
2338 2347 2346 2353 ³

526 2470 609 2519 75.
645 2463 712 2520 η’νὶ
741 2465 951 2524 μεθίεμεν
981 2471 1144 2537 εετγειῐ
1168 2463 1486 2528 Cornucopia
1515 2462 1632 2512 Aldi
1665 2462 1701 2512 f.
1732 2469 1841 2512 182.
1878 2463 1926 2511 b.
1952 2469 2000 2520 7.
2045 2470 2096 2511 et
2133 2449 2246 2510 mox
2269 2469 2353 2518 77.

427 2558 457 2616 ἦ
483 2560 771 2624 Cornucop.
805 2559 841 2607 f.
868 2565 977 2615 178.
1002 2575 1045 2608 a.
1074 2561 1160 2609 ult.
1213 2559 1390 2608 Suidas
1426 2576 1470 2609 v.
1509 2557 1557 2617 ἦ,
1603 2558 1732 2607 unde
1771 2538 1936 2608 Lexic.
1980 2557 2111 2607 Bibl.
2144 2557 2353 2629 Coislin.

427 2673 478 2720 p.
521 2660 634 2704 233.
694 2654 747 2712 ἦν
789 2655 886 2703 ι’δου
927 2655 1010 2703 ἅδε
1051 2677 1127 2703 σοι
1184 2655 1379 2719 egregie
1420 2654 1630 2703 restituit
1666 2671 1694 2703 e
1739 2670 1829 2702 ms.
1880 2654 2359 2719 Schweighaeuserus.

431 2752 646 2801 Pratinae
670 2753 855 2803 Athen.
876 2743 1014 2802 XIV.
1038 2770 1089 2818 p.
1108 2752 1226 2808 617.
1251 2753 1305 2800 F.
1345 2752 1429 2799 ubi
1453 2752 1605 2815 paulo
1628 2759 1744 2800 ante
1771 2751 1895 2815 lege,
2323 2732 2325 2735 Ι

380 2843 382 2845 ,
864 2866 937 2892 και
970 2846 1064 2912 *γάρ
1101 2844 1198 2894 ἐσθ’
1234 2843 1468 2909 υπηρέτας
1503 2843 1586 2889 κω’-

868 2963 962 3001 μων
995 2943 1081 3000 μόν
1061 2962 1136 2986 ννο
1138 2942 1241 2998 ‚uo
1220 2938 1477 3006 υραμάχοις·
1510 2956 1566 2983 τε

863 3035 1179 3101 πυγμαχίαισι
1217 3033 1321 3080 νέων

865 3129 985 3179 θέλει
1020 3132 1131 3196 παρ’
1166 3127 1290 3176 οἶνον
1322 3130 1511 3188 ἐμμέναι
1548 3127 1914 3193 στρατηλάτας.

430 3235 706 3297 Ablegatur
728 3229 793 3278 ad
821 3231 885 3278 τὸ
910 3228 1211 3297 θυροκοπικόν
1236 3243 1390 3291 genus
1416 3225 1553 3275 tibia.
1586 3224 1715 3272 Vide
1740 3240 1791 3288 p.
1809 3201 2004 3273 613.'C.
2026 3221 2093 3270 D.
2129 3207 2358 3270 Ceterum

430 3325 704 3376 Brunckius
750 3339 890 3371 suum
937 3337 1166 3379 errorem,
1215 3317 1458 3367 edic-entis
1503 3317 1567 3366 ad
1627 3315 1834 3381 Lysistr.
1879 3320 1986 3370 157.
2037 3314 2164 3363 Ran.
2210 3310 2356 3361 1462.

429 3424 522 3471 Av.
548 3418 665 3478 946.
717 3418 922 3482 primam
954 3418 1004 3465 in
1040 3418 1134 3476 ἵημι
1176 3430 1276 3463 non
1313 3430 1460 3479 posse
1498 3411 1694 3476 corripi,
1730 3410 1831 3474 ipse
1870 3407 2022 3457 tacite
2059 3402 2358 3454 damnatss'ad

434 3514 590 3578 Soph.
626 3513 810 3562 Electr.
836 3517 948 3560 131.
1009 3509 1167 3560 Addit
1207 3507 1456 3562 Seidlerus
1498 3508 1577 3555 De
1611 3504 1872 3568 Aristoph.
1915 3502 2196 3580 Fragm'.p.'
2219 3501 2356 3554 25-7.

424 3607 621 3656 pomini
661 3608 825 3656 locum
857 3605 989 3671 apud
1023 3605 1162 3657 stob.
1191 3604 1352 3655 CXX.
1383 3620 1434 3669 p.
1459 3601 1660 3662 609,24.
1705 3602 1894 3662 <501‚9·.
1924 3598 2038 3658 Gr.)
2078 3594 2156 3668 cui
2191 3590 2358 3655 adfice
