2522 4100
470 267 506 329 ii
1175 293 1643 340 PRAEFA'rro.

470 451 769 505 accurate
816 441 1200 527 scriptarum
1250 440 1480 503 seriem
1524 431 1807 499 contulit
1853 430 1920 492 in
1977 428 2346 516 marginem

471 566 915 634 Frobenianae.
985 570 1187 634 Anno
1222 566 1475 630 circiter
1515 574 1705 637 1782.
1754 559 1883 622 hoc
1925 557 2176 624 factum
2205 577 2350 653 esse

467 687 657 752 certis
720 688 969 752 indiciis
1031 696 1231 772 patet.
1330 683 1494 745 Inde
1554 689 1777 743 autem
1841 679 2141 744 desumta
2194 687 2355 765 puta

475 819 701 882 omnia
733 819 867 883 fere
901 820 980 881 de
1013 817 1246 901 quibus
1281 812 1372 875 nil
1406 809 1818 874 admonitum
1851 809 2055 874 vides,

612 953 746 1017 Diu
825 963 1047 1039 postea
1116 971 1268 1013 cum
1339 947 1629 1011 editione
1692 945 2038 1011 Cratandri
2099 946 2356 1012 codices

481 1086 873 1150 Bodleianos
905 1095 970 1147 et
1024 1081 1455 1145 Harleianum
1489 1080 1790 1155 contulit,
1840 1090 1908 1143 et
1952 1080 2191 1167 adjecit
2238 1100 2352 1143 ex-

478 1229 698 1303 cerpta
739 1241 776 1281 e
809 1217 1023 1281 Suidae
1058 1214 1504 1298 manuscripto
1538 1214 1791 1299 optimo
1825 1214 1939 1299 qui
1969 1212 2217 1279 Oxonii
2255 1221 2356 1278 est

479 1352 548 1415 in
588 1351 978 1415 bibliotheca
1023 1347 1302 1434 Collegii
1350 1346 1662 1432 Corporis
1707 1347 1973 1413 Christi.
2069 1347 2358 1414 Subinde

483 1480 818 1567 interjecta
884 1489 982 1543 est
1059 1478 1620 1552 annotatiuncula,
1698 1478 2030 1565 scriptoris
2089 1478 2364 1566 alicujus

484 1610 701 1673 locum
735 1607 1048 1683 indicanS,
1096 1617 1209 1670 aut
1249 1609 1780 1673 emendationem
1820 1609 1952 1673 sive
1996 1631 2364 1676 commem-

484 1759 674 1801 orans
716 1737 848 1800 sive
885 1737 1185 1801 innuens.
1281 1736 1700 1823 Optimarum
1736 1761 1891 1803 sane
1924 1761 2143 1805 rerum
2186 1737 2366 1825 pleni

485 1864 828 1950 margine5‚
878 1865 993 1927 sed
1030 1865 1339 1949 expeditu
1383 1886 1642 1950 semper
1687 1865 2136 1940 molestarum,
2190 1885 2362 1932 non-

486 2018 826 2082 nunquam
888 1998 1371 2085 ambiguarum.
1494 1997 1645 2062 Hoc
1700 1999 1769 2062 in
1821 1999 2049 2084 primis
2106 1999 2364 2064 incomss-

493 2130 790 2204 modum,
817 2130 993 2214 quod
1019 2130 1219 2195 Suida
1245 2154 1422 2196 nunc
1446 2129 1717 2209 Aldino,
1746 2154 1924 2197 nunc
1950 2130 2367 2207 KusterianO,

485 2279 640 2322 usus
671 2269 768 2322 est
798 2258 1143 2325 Porsonus.

625 2392 707 2457 In
755 2395 982 2459 ceteris
1022 2396 1162 2483 ejus
1209 2396 1388 2462 libris
1428 2409 1541 2462 aut
1583 2399 1823 2464 chartis
1862 2399 1973 2463 vix
2016 2420 2224 2485 pauca
2267 2399 2370 2463 in-

490 2521 663 2598 veni,
705 2543 850 2607 quae
892 2523 960 2586 in
1010 2546 1231 2589 meum
1264 2547 1459 2590 usum
1511 2537 1983 2592 converterem.
2084 2526 2369 2602 Scilicet,

493 2652 734 2728 statim,
780 2664 852 2715 ut
903 2655 1209 2719 credibile
1259 2668 1379 2731 est,
1436 2639 1588 2742 post
1637 2657 1885 2721 editum
1948 2679 1986 2720 a
2036 2657 2375 2728 Brunckio

494 2785 864 2865 Comicum,
927 2791 1262 2877 exemplar
1311 2790 1782 2856 Kusterianum
1844 2793 1914 2855 in
1962 2791 2147 2858 istius
2209 2791 2370 2857 Fro-

493 2922 757 2987 beniani
794 2923 1014 2989 locum
1065 2926 1348 3001 suffecit,
1392 2928 1498 2992 cui
1543 2949 1688 2992 suas
1734 2937 1925 3008 notas
1966 2926 2374 3015 appingeret.

498 3047 624 3112 Sed
654 3049 893 3117 librum
923 3057 1468 3140 pretiosissimum
1507 3058 1746 3123 delevit
1782 3057 2185 3135 incendium,
2234 3056 2375 3122 aliis

500 3181 697 3245 etiam
759 3184 899 3270 ejus
962 3185 1290 3252 laboribus
1353 3189 1780 3269 funestum&
1870 3215 2084 3279 neque
2145 3205 2383 3282 postea·

590 3506 779 3554 *Αηηο
823 3510 1015 3560 circiter
1053 3520 1192 3571 1797.
1254 3516 1376 3565 Vide
1424 3517 1596 3566 Kiddii
1644 3519 1787 3568 Praef.
1835 3519 1899 3567 ad
1946 3518 2152 3568 Porsoni
2195 3518 2390 3584 Opusc.

490 3599 540 3646 p.
567 3586 732 3634 xxxix.
1506 3607 1511 3612 ·
