2522 4100
461 249 636 329 (142)
1238 272 1606 313 AnnnnnA.

936 580 1885 651 ECCLESIAZUSAE.

559 782 639 829 70.
676 759 787 826 DE
834 773 994 837 prima
1041 771 1089 818 in
1142 771 1282 816 καλός
1327 785 1518 832 semper
1564 770 1627 817 ab
1677 769 1854 817 Atticis
1902 774 2144 831 correpta,
2190 775 2370 833 proeter

460 868 759 917 Brunckium
785 866 897 914 vide
927 862 1182 913 Gaisford.
1206 862 1268 910 ad
1295 861 1574 910 Markland.
1601 862 1774 926 Suppl.
1808 877 1858 925 p.
1889 860 1999 911 162.
2048 862 2126 910 De
2158 862 2368 918 Philoct-

462 969 607 1012 1381.
634 963 824 1024 (1421.)
869 960 1077 1007 Porson.
1115 960 1304 1022 Opusc.
1339 975 1389 1022 p.
1415 965 1528 1007 220.
1589 959 1648 1006 In
1684 957 1926 1022 Euripide
1962 957 2146 1007 Stobaei
2177 958 2368 1008 XXIX.

458 1073 506 1119 p.
524 1064 634 1111 200,
649 1062 692 1102 8.
709 1057 867 1116 (129.)
889 1055 1086 1118 μυρίοισι
1113 1052 1295 1100 habere
1312 1051 1676 1100 Trincavellum
1702 1057 1844 1099 notat
1861 1052 2128 1105 Porsonus.
2157 1051 2369 1103 Gnomae

457 1156 514 1197 eis·
540 1150 776 1214 εὐτυχίαν.
913 1147 1059 1195 κοινὸν
1093 1147 1140 1194 δὲ
1175 1144 1316 1193 καλόν
1347 1146 1454 1193 ἐστι
1491 1146 1711 1213 χρηστοὶ·
1748 1144 1978 1211 εὐτυχῶν.

456 1244 639 1290 Versus
673 1249 747 1289 est
782 1239 1048 1289 Menandri
1079 1239 1210 1303 apud
1250 1239 1390 1288 Stob.
1415 1232 1549 1286 XLI.
1588 1254 1638 1301 p.
1664 1243 1838 1295 241‚8.
1867 1236 2025 1297 (167.)
2066 1234 2202 1301 apud
2239 1235 2369 1285 Cler.

454 1352 503 1399 p.
527 1342 643 1384 220.
905 1331 1053 1380 κοινόν
1085 1332 1262 1392 α’γαθόν
1295 1331 1402 1380 ἐστι
1438 1334 1605 1388 τοῦτο,
1642 1331 1863 1396 χρηστὸς·
1899 1330 2127 1395 εὖτυχῶν.

457 1426 585 1488 Lege
622 1423 689 1471 ob
734 1428 941 1471 metrum
990 1422 1125 1493 τοῦτ’
1169 1421 1292 1478 ἐστι,
1333 1430 1383 1469 et
1421 1437 1654 1485 compara
1694 1420 1956 1469 Demosth.
1998 1420 2052 1467 F.
2085 1419 2230 1481 L..p.
2253 1424 2369 1472 271.

456 1531 505 1562 n.
531 1513 645 1563 604.
673 1517 830 1576 (450.)
865 1516 1013 1563 κοινὸν
1034 1515 1128 1580 γάρ
1160 1518 1259 1570 ὑμῖν
1287 1513 1437 1560 ἅπασι
1462 1519 1562 1560 τοῖς
1584 1513 1744 1560 ἄλλοις
1768 1513 1919 1559 τοῦτο
1944 1511 2124 1570 α’γαθδν
2145 1493 2369 1571 γίγνεται.

456 1608 533 1654 Ita
557 1614 690 1655 recte
709 1624 822 1656 mss.
841 1608 940 1656 sine
961 1607 1184 1666 articulo,
1209 1606 1292 1671 qui
1313 1605 1549 1654 delendus
1568 1613 1620 1654 et
1642 1604 1692 1652 in
1717 1604 1947 1667 Xenoph.
1967 1605 2146 1667 OEcon.
2159 1603 2274 1653 Vll.
2292 1610 2369 1653 12.

455 1700 526 1759 (p.
553 1703 669 1755 487,
685 1704 768 1754 39.
801 1698 951 1759 HSt.)
990 1698 1137 1745 κοινὸν
1174 1699 1268 1764 γάρ
1309 1701 1412 1756 ἡμῖν
1456 1695 1529 1743 καὶ
1574 1698 1725 1743 τοῦτο
1765 1693 1960 1755 α’γαθόν.
2009 1693 2137 1742 Vide
2178 1694 2370 1766 piaton.

458 1787 696 1859 Phaedon..
728 1804 778 1851 p.
804 1787 888 1838 63.
923 1790 988 1837 D.
1025 1790 1180 1853 Gorg.
1219 1806 1270 1853 p.
1298 1795 1413 1838 505.
1441 1790 1502 1838 Ε.
1529 1791 1651 1841 HSt.
1699 1791 1770 1838 Ut
1804 1789 1853 1836 in
1884 1786 2184 1846 Menandro,
2221 1787 2294 1836 ita
2320 1788 2373 1839 in

454 1880 654 1928 Thesm.
681 1887 795 1935 744.
831 1881 974 1928 καλόν
997 1899 1090 1946 pro
1114 1881 1292 1942 α’γαθὸν
1314 1882 1533 1947 irrepsit3
1573 1883 1684 1930 vide
1709 1883 1994 1930 Porsonum.
2031 1882 2241 1930 Gnomae
2255 1900 2272 1940 ;

621 1978 701 2024 Εἰς
737 1979 966 2026 Γυναῖκας.
1040 1978 1188 2026 Οὐδὲν
1220 1979 1428 2038 ’γυναικὸς
1461 1968 1640 2047 χεῖρον,
1678 1979 1780 2028 ου’δέ
1815 1981 1900 2035 τῆς·
1934 1979 2094 2046 καλῆς.

623 2072 701 2118 Εἷς·
737 2072 963 2120 Δούλους.
1034 2072 1224 2120 Δούλου
1259 2073 1306 2119 δὲ
1341 2081 1505 2141 χεῖρον
1539 2073 1682 2131 οὐδὲν,
1718 2072 1822 2137 ορδὲ
1857 2075 1946 2119 τοῦ
1980 2073 2142 2144 καλοῦ.

455 2165 776 2213 Recentiores
798 2165 1158 2223 versificatores
1184 2165 1397 2231 prodere
1421 2167 1654 2215 videntur
1677 2157 1818 2223 καλῆς
1842 2174 1892 2214 et
1921 2167 2066 2213 καλοῦ
2090 2165 2188 2214 isto
2211 2182 2373 2216 sensu.

454 2262 712 2310 Hactenus
739 2262 877 2319 haec;
926 2262 1015 2310 sed
1048 2262 1215 2311 forsan
1243 2263 1421 2327 aliquis
1447 2263 1583 2310 malit
1610 2280 1722 2310 cum
1756 2262 1978 2310 Bentleio
2001 2270 2052 2310 et
2074 2239 2373 2336 Ravennate,

454 2357 596 2402 καλόν
625 2357 666 2415 γ’
695 2356 843 2416 ἔγωγε
869 2361 1075 2406 τουτονί.
1109 2360 1297 2422 (Atque
1319 2359 1412 2406 hoc
1436 2358 1669 2422 praeferre
1696 2357 1840 2406 video
1866 2357 2137 2421 Reisigium
2166 2373 2219 2429 p.
2245 2359 2374 2416 178.)

455 2438 670 2503 Primum
713 2455 862 2518 igitur
907 2457 1195 2514 meminerit,
1234 2473 1423 2519 semper
1467 2457 1568 2504 fere
1609 2457 1693 2503 ubi
1734 2456 2020 2525 duplicatur
2058 2476 2128 2515 γε,
2179 2454 2372 2518 utrique

454 2548 710 2611 particulae
756 2541 1185 2597 suam‘rationem
1232 2556 1478 2606 constare,
1530 2557 1586 2596 ut
1639 2550 1770 2596 Plut.
1794 2556 1874 2604 74.
1935 2547 2130 2596 Deinde
2178 2547 2375 2611 probet,
2448 2551 2465 2561 “

453 2643 495 2699 ’γ’
521 2639 668 2699 ἔγωγε
697 2639 829 2703 apud
852 2647 1068 2688 nostrum
1093 2640 1257 2704 jungi.
1329 2643 1600 2699 Postrem0‚
1630 2658 1690 2688 ne
1715 2657 1859 2703 quern
1883 2641 2103 2691 offendat
2138 2640 2374 2708 adjectivi

450 2732 631 2798 positio
671 2733 722 2779 in
766 2733 970 2781 Porsoni
1013 2734 1239 2792 lectione,
1282 2734 1427 2795 ἔγωγε
1475 2735 1665 2781 τουτονὶ
1714 2737 1872 2794 καλὸν,
1917 2734 2142 2784 conferat
2181 2736 2372 2803 σαπρόν

451 2826 584 2874 Plut.
611 2830 725 2874 542.
768 2828 955 2890 σαπροῦ
989 2827 1114 2875 Ach.
1146 2835 1290 2875 1100.
1330 2826 1550 2888 ἄβυσσον
1590 2828 1714 2874 Rau.
1745 2832 1874 2875 138...
1898 2823 2059 2886 μέγαν,
2095 2813 2375 2893 ἐπίχαλῖεον,

459 2921 602 2984 Vesp.
642 2918 820 2978 16,13.
878 2919 1103 2986 ἀπείρονα
1150 2920 1323 2984 fragm.
1370 2921 1451 2969 hic
1499 2937 1548 2983 p.
1584 2927 1700 2972 243.
1745 2921 2036 2984 (Epigenem
2075 2920 2256 2969 Athen.
2279 2921 2373 2968 IX.

454 3021 636 3079 p.384.
653 3017 711 3062 A.
749 3013 1083 3062 Menandrum
1110 3012 1293 3061 Piscat.
1313 3019 1358 3061 8.
1396 3030 1456 3061 ex
1481 3013 1688 3062 Porsoni
1713 3012 2156 3079 emendationibuS,
2183 3014 2375 3077 Opusc.

455 3125 504 3172 p.
525 3113 640 3156 315.
669 3114 722 3155 et
746 3106 954 3154 Advers.
976 3110 1027 3170 p.
1047 3108 1183 3166 292.)
1216 3106 1384 3164 Verte,
1410 3107 1498 3169 By
1522 3106 1703 3154 Hecate
1727 3106 1842 3154 have
1867 3105 1903 3154 I
1908 3123 1927 3160 ,-
1959 3121 2044 3162 see,
2068 3102 2215 3169 afim:
2237 3119 2341 3152 one.

557 3206 670 3249 115.
708 3200 833 3249 Vide
862 3200 1034 3249 Valck.
1066 3179 1129 3248 ad
1156 3199 1310 3248 schol.
1345 3200 1515 3255 Phoen,
1548 3207 1623 3248 15.
1659 3200 1723 3248 ad
1749 3199 1958 3264 Hippoi.
1985 3203 2098 3254 191.
2134 3205 2274 3267 notas
2308 3196 2373 3246 ad

460 3299 672 3357 Gregor.
704 3294 834 3342 Dial.
858 3296 966 3342 Att.
992 3294 1153 3342 XLII.
1196 3293 1458 3357 Tyrwhitt.
1496 3294 1559 3342 ad
1591 3296 1785 3343 DaweS.
1816 3311 1869 3358 p.
1895 3270 2069 3353 215,6.
2109 3293 2190 3342 ed.
2222 3292 2375 3342 Kidd.

456 3386 683 3445 Lockius,
727 3388 1016 3452 Paraphras.
1057 3386 1119 3434 ad
1157 3387 1300 3434 Rom.
1328 3388 1367 3435 Ι.
1394 3393 1475 3436 21.
1530 3387 1622 3436 Set.
1647 3403 1714 3451 up
1755 3392 1803 3434 to
1842 3371 2109 3461 themselves
2123 3384 2375 3461 fictitjous

457 3504 516 3535 no
535 3487 677 3552 gods·
1453 3543 1455 3545 ,
1499 3507 1524 3557 J*
2145 3545 2152 3551 .
2241 3548 2249 3553 .

560 3580 670 3639 169.
707 3580 782 3630 Ad
826 3579 1052 3629 Brunckii
1091 3587 1251 3628 notam
1292 3578 1463 3627 scribit
1502 3579 1758 3635 Ροῐεοηιιε,
1797 3577 1941 3626 “Sed
1984 3577 2124 3625 istam
2163 3579 2368 3624 notam'¹
