2522 4100
713 285 1164 339 coLLA'rlo
1238 283 1556 337 PLUTI.

294 456 576 535 Καραεακ.
608 463 662 511 2.
706 455 854 532 Χρε.
881 477 1000 510 naec.
1019 462 1070 511 3.

294 555 418 613 Δικ.
468 545 573 609 τοῦ
617 559 671 608 2.
714 559 766 607 3.
836 551 982 606 Tum
1011 544 1071 622 ’γ’

288 671 402 707 om.
431 652 487 704 3.
531 669 637 704 non
670 658 721 702 1.
754 655 806 704 2.
837 655 891 701 4.

126 756 259 819 900.
290 745 364 810 ἀ
387 767 495 809 nm.
525 752 578 800 3.
654 745 761 800 Pro
800 743 874 816 gl.
921 745 1078 796 habet

300 851 358 901 4.
403 855 458 899 et
483 843 536 897 in
564 853 709 896 textu
736 834 819 898 ὥς.

126 948 355 1006 901-28.
394 939 539 1015 Χρε.
572 957 777 1010 semper
804 943 855 991 3.
901 937 996 990 Δι.
1020 941 1072 988 2.

126 1046 256 1100 902.
292 1026 458 1095 οὐδεὶς
485 1030 543 1091 ά.
581 1044 632 1089 1.
665 1042 718 1088 2.
750 1041 804 1087 3.
828 1040 881 1086 4.
910 1033 1000 1085 sed
1024 1031 1076 1085 in

290 1142 350 1188 2.
391 1122 556 1208 οὖᾷεἱς
582 1126 643 1204 *γ’
670 1140 946 1184 corrector.

123 1236 251 1293 913.
283 1223 341 1294 μ’
369 1247 475 1282 om.
528 1236 574 1280 1.
607 1230 659 1279 8.
703 1226 894 1278 habent
934 1230 987 1276 2.
1019 1228 1071 1276 4.

80 1332 86 1339 “
124 1330 251 1388 915.
286 1344 382 1379 ονν
407 1341 513 1376 om.
545 1327 597 1374 3.

125 1419 251 1483 916.
288 1411 544 1513 ἓνρᾶπειν
609 1413 731 1483 (sic)
789 1414 958 1487 primo
1015 1420 1070 1467 3.

290 1521 431 1558 nunc
465 1495 581 1555 ἔντ’.
626 1491 693 1564 ἦν
738 1507 781 1552 l.
808 1506 861 1551 2.
888 1506 940 1551 4.
976 1492 1075 1552 ἑαν

293 1606 347 1654 3.
374 1618 494 1654 ποτ
535 1616 642 1650 om.
687 1604 735 1651 l.
765 1602 818 1651 2.
846 1602 897 1649 3.
929 1604 986 1650 4.

127 1702 257 1760 9α).
282 1689 369 1750 τὰ
391 1693 495 1759 τῆς
523 1715 617 1747 πο.
650 1713 746 1767 πρ.
779 1699 833 1745 4.

126 1799 253 1856 921.
293 1785 356 1856 m)
386 1784 488 1846 τᾶν
515 1780 565 1843 3.
596 1795 648 1841 3.
679 1797 735 1843 4.

126 1893 254 1950 924.
293 1907 378 1945 τις
403 1879 464 1941 ἐν
490 1906 552 1938 τ.
582 1893 637 1939 4.

126 1983 254 2046 926.
289 1975 520 2052 βάττον
556 1989 602 2035 1.
633 1986 687 2033 2.
730 1972 918 2048 βάτου
947 1986 1000 2032 3.
1027 1979 1077 2029 4.

297 2090 352 2135 et
384 2089 645 2133 corrector
670 2083 721 2130 2.

130 2182 318 2240 927·8.
342 2164 545 2232 Ἄδικος·
588 2193 685 2244 pro
716 2170 855 2247 Καρ.
894 2179 942 2224 1.
988 2172 1077 2225 sed

249 2272 252 2275 ’
294 2275 422 2333 928.
449 2267 619 2323 statim
637 2279 768 2321 mut.
787 2263 877 2323 σοὶ
897 2264 1072 2321 τοῦτο

294 2372 359 2424 λ.
388 2375 446 2423 4.

130 2473 255 2531 928.
293 2458 484 2522 πάντα
508 2463 693 2519 ταῦτα
744 2473 789 2519 1.
821 2471 872 2518 3.
919 2474 971 2516 et
998 2483 1072 2515 m.

287 2581 377 2634 pr.
412 2567 469 2615 2.
513 2562 604 2615 sed
648 2572 928 2627 corrector,
974 2580 1076 2635 γρ.

300 2647 436 2712 τάδε
453 2650 638 2713 πάντα
657 2669 708 2711 et
726 2677 870 2729 supr.
890 2656 1076 2712 ταῦτα

304 2746 513 2808 πάντα.

134 2906 263 2964 929.
298 2921 344 2956 π

304 2987 508 3053 θαδὶ4.
539 2996 695 3064 (cml
725 2996 823 3058 m.)
855 3019 915 3052 π.
946 2995 1079 3075 πρὸς

298 3083 560 3157 ultr-3.
610 3102 898 3147 servantl.
932 3102 984 3148 2.
1026 3101 1073 3148 3.

301 3207 388 3247 τις
412 3188 553 3243 aldit
579 3188 647 3242 L.
689 3190 778 3243 sed
805 3189 894 3244 ubi
924 3203 1081 3263 ponat

303 3303 408 3338 non
433 3283 621 3339 notavi.

134 3387 260 3443 982.
289 3375 360 3436 m>
394 3371 439 3436 δ’
469 3388 523 3435 4.

134 3484 264 3540 983.
305 3479 428 3533 Δικ.
458 3475 564 3534 νυνὶ
605 3487 651 3532 1.

134 3579 264 3637 944.
305 3595 515 3631 wra-
536 3581 586 3629 3.
618 3588 671 3631 et
699 3593 831 3632 cort.
862 3586 915 3633 2.

137 3678 264 3732 9⁴5.
308 3674 435 3729 Δικ.
477 3681 520 3727 1.

714 2847 747 2875 θ

549 2894 663 2955 ὅταν
706 2922 764 2955 τι
809 2894 953 2965 ὖμων
990 2898 1077 2958 ἑν-

1991 287 2123 373 (15)

1171 461 1298 517 947.
1332 448 1438 510 τᾶν
1466 456 1500 506 ἰ.
1527 451 1730 508 τοῦτον
1765 462 1808 509 1.
1833 461 1887 509 2.
1907 462 1957 512 3.
1987 456 2119 513 τοῦ·

1338 571 1440 605 τον
1464 571 1523 604 τ.
1552 547 1586 603 ἰ.
1613 556 1667 602 4.

1337 639 1379 701 β
1796 658 1829 686 α

1173 719 1298 775 955.
1335 706 1550 776 ταύτην
1603 704 1746 766 ποτὲ
1798 705 2010 770 στάσιν
2038 722 2090 768 4.

1342 809 1439 878 sic,
1483 807 1592 862 sine
1625 802 1751 874 τήν.

1172 908 1300 967 956.
1341 905 1481 980 Καρ.
1521 913 1566 958 1.
1597 911 1650 959 2.
1693 905 1834 981 Χρε.
1859 912 1914 961 3.

1172 1008 1299 1063 958·
1336 994 1402 1059 ὠς
1428 992 1547 1054 ἔστ’
1574 1006 1628 1053 3.

1171 1099 1395 1158 959·6Ο.
1434 1095 1605 1171 χοροῦ
1634 1097 1789 1152 habet
1818 1106 1870 1154 2.

1170 1193 1298 1253 963.
1338 1191 1484 1266 Χρε.
1513 1198 1566 1244 3.

1169 1291 1297 1349 965.
1332 1278 1510 1343 ἔνδοθι
1547 1295 1595 1339 l.
1636 1300 1688 1342 et
1723 1310 1793 1343 m.
1827 1312 1904 1362 pr.
1933 1300 1988 1347 2.
2032 1287 2121 1350 ἕν-

1336 1373 1491 1439 δοθεν
1518 1391 1570 1438 3.
1597 1390 1653 1437 4.
1682 1396 1734 1439 et
1758 1365 1976 1443 con-‚⁴2
2020 1387 2125 1459 καὶ,

1344 1480 1455 1535 τῶν
1482 1471 1693 1537 ἔνδοθεν
1718 1483 1785 1537 L.

1169 1581 1295 1640 967.
1333 1574 1503 1654 ἐχρῆν
1548 1578 1654 1632 sine
1698 1574 1749 1634 o·'
1796 1589 1842 1634 1.
1872 1590 1926 1636 2.
1956 1590 2007 1636 3.
2057 1586 2118 1658 λ.

1333 1669 1445 1750 χρή
1483 1682 1535 1729 4.

1175 1774 1301 1834 969.
1344 1763 1433 1847 ἦρ.
1463 1766 1532 1841 β.
1578 1767 1770 1828 οὑτοσὶ
1801 1781 1853 1828 3.

1173 1891 1366 1945 974-5.
1407 1905 1490 1938 xm
1530 1892 1574 1936 1.
1604 1891 1659 1937 2.
1689 1892 1742 1939 3.
1772 1891 1825 1940 4.
1867 1891 1923 1951 (η
1952 1884 2119 1956 primo

1335 1987 1386 2033 2.
1460 1979 1509 2032 in
1575 1988 1698 2042 975.
1787 1983 1878 2035 sed
1929 2005 1947 2036 ι
2006 1984 2117 2037 sch.

1336 2080 1515 2146 marg.)

1174 2184 1299 2244 976.
1338 2171 1402 2246 δή
1429 2202 1520 2245 μο.
1553 2188 1596 2234 1.
1621 2190 1676 2235 2.
1702 2188 1755 2235 3.
1783 2189 1836 2236 4.

1174 2286 1301 2341 979.
1336 2299 1424 2342 μοι
1453 2298 1560 2331 om.
1589 2286 1645 2331 4.

1175 2400 1303 2455 980.
1342 2387 1527 2448 πάντα
1569 2388 1725 2449 ταῦθ’
1782 2403 1824 2448 1.
1855 2402 1911 2448 2.
1943 2403 1994 2453 3.
2059 2417 2117 2449 τ.

1346 2512 1410 2544 π.
1439 2497 1492 2543 4.

1172 2605 1300 2660 982.
1336 2591 1390 2661 μ’
1418 2616 1525 2650 om.
1549 2603 1601 2650 4.

1173 2718 1300 2773 934.
1334 2704 1405 2768 ὠς
1434 2706 1471 2763 ἱ.
1501 2717 1550 2764 4.
1593 2704 1654 2782 σγ·
1681 2729 1783 2765 om.
1822 2718 1873 2766 3.
1900 2719 1956 2766 4.

1173 2823 1297 2886 986.
1337 2820 1483 2884 θοιμ.
1542 2822 1650 2876 sine
1687 2845 1755 2876 τε
1803 2833 1844 2877 1.
1876 2830 1930 2876 4.
2000 2844 2120 2879 cum

1341 2941 1407 2973 τε
1437 2927 1488 2973 2.
1522 2925 1572 2972 3.
1618 2921 1707 2972 sed
1730 2920 1780 2972 iu
1811 2926 1862 2974 2.
1919 2921 2123 2991 punctis

1346 3019 1514 3070 damn.
1562 3028 1840 3070 corrector.
1920 3017 2122 3080 (Primo

1341 3113 1553 3189 μητρίτ·
1590 3122 1635 3166 l.
1682 3115 1771 3167 sed
1796 3114 1965 3168 statim
1990 3126 2122 3170 mut.

1342 3230 1383 3264 τ
1412 3210 1462 3265 in
1492 3208 1547 3264 θ.
1580 3210 1759 3264 relicto
1790 3222 2028 3277 accentu,
2069 3224 2127 3267 ut

1343 3328 1479 3362 nunc
1550 3307 1630 3374 sit,
1709 3305 2124 3384 μητρίθοιματῖ·

1345 3394 1499 3463 διον.)

1443 3491 1520 3539 ὅ..

1179 3573 1305 3629 989.
1341 3559 1436 3620 ὅτι
1455 3559 1507 3619 α’
1536 3559 1630 3630 η’σ.
1659 3558 1773 3631 (ὅτι
1798 3566 1945 3640 qunti
1959 3567 2054 3640 gl.)
2069 3574 2123 3623 2.

1181 3686 1309 3743 990.
1344 3671 1519 3734 ἕνεκεν
1547 3685 1661 3733 1.2.
1689 3701 1785 3735 -κα
1808 3687 1863 3736 3.
1886 3686 1938 3734 4.
1962 3702 2125 3754 μισγ.
