2522 4100
379 244 552 321 (124)
1148 209 1500 310 mom..

481 404 595 455 742.
632 402 978 465 προυσελοῦμεν
1008 400 1243 451 edidisset
1267 403 1529 462 Personas,
1557 418 1709 466 quum
1736 403 1963 468 Aeschyl.
1989 405 2153 454 Prom.
2173 405 2292 455 4⁴1.

378 494 533 551 (437.)
584 493 981 557 προυσελούμενον
1025 494 1254 543 ediderit.
1316 495 1422 542 MS.
1479 494 1663 543 Stobaei
1722 501 1771 543 et
1830 496 2110 560 Hesychius
2156 489 2296 561 apud

381 586 660 635 Bentleium
686 598 911 652 προυγελ.
948 588 1083 645 dant,
1109 602 1240 636 mera
1265 586 1552 636 confusione
1576 587 1800 636 similium
1832 600 1873 643 Γ
1897 596 1947 637 et
1971 600 2013 643 C
2039 590 2115 637 vel
2141 604 2207 642 σ.

481 699 597 748 753.
636 694 783 756 Lege,
812 699 843 719 ‘⁴
860 692 1135 758 ἐλεγχθέντ’
1161 691 1245 741 Β.”
1278 694 1355 740 Ita
1379 694 1634 753 Porsonus,
1656 694 1742 743 sed
1767 695 1836 743 nil
1860 695 1921 744 de
1944 696 2296 761 praepositione

380 783 548 833 omissa
572 793 714 834 notat
735 786 819 834 lib.
847 784 968 834 Ask.
1018 827 1027 838 ,

479 894 595 944 757.
630 889 841 937 ἱκετεύων
865 887 982 936 edd.
1009 889 1120 937 Bas.
1146 895 1197 938 et
1225 888 1446 937 Wecliel.
1476 890 1758 939 tacentibus
1791 890 1855 939 de
1887 892 1944 940 B.
1995 891 2212 942 Porsouo
2244 899 2296 943 et

379 980 615 1030 collatore
639 981 756 1029 Ask.

478 1089 596 1144 968.
634 1089 727 1137 Sed
753 1089 831 1137 vix
855 1097 1024 1154 putem
1052 1091 1274 1140 Porsono
1300 1094 1568 1155 probatum
1592 1091 1743 1141 fuisse
1769 1093 1919 1142 talem
1945 1108 2157 1151 versum,

544 1180 637 1246 οιῖχ
674 1180 1074 1248 ἱππαλεκτρυόνας
1108 1203 1162 1242 γε
1197 1184 1264 1242 μά
1298 1183 1390 1242 Δί’,
1428 1183 1482 1232 ον’
1518 1183 1865 1249 τραγελάφους,
1898 1184 2022 1253 ἅπερ
2058 1184 2134 1243 ον’,

379 1282 429 1323 et
454 1275 565 1323 vide
591 1275 831 1325 Kiddium
856 1294 907 1342 p.
927 1284 1043 1334 373.
1080 1277 1250 1325 Malim
1277 1295 1388 1327 cum
1417 1278 1634 1342 Reisigio
1655 1295 1705 1342 p.
1724 1286 1806 1336 99.

545 1368 653 1436 οὐχὶ
685 1370 754 1428 pez*
786 1369 863 1418 Δί’
897 1371 1315 1436 ἱππαλεκτρυόνας,
1351 1375 1406 1419 οὔ
1442 1372 1794 1438 τραγελάφους
1828 1372 1951 1437 ἅπερ
1988 1371 2063 1420 ου’.

380 1460 476 1508 Sed
519 1460 600 1509 ille
633 1464 676 1521 γ’
707 1470 820 1526 post
861 1466 965 1511 ἱππ.
1003 1461 1218 1522 infercit,
1258 1480 1320 1512 ne
1354 1464 1540 1513 seilicet
1580 1465 1779 1513 Porsoni
1821 1465 2002 1529 regulae
2039 1449 2303 1517 conveniat

376 1565 565 1599 versus.

474 1663 626 1706 1051.
664 1655 889 1723 inspecto
914 1651 1122 1710 Bentleii
1147 1661 1291 1719 libro,
1317 1661 1539 1725 comperi
1571 1672 1683 1716 eum
1709 1679 1736 1710 e
1770 1663 1827 1710 B.
1867 1667 2106 1722 enotasse,
2135 1665 2209 1712 καὶ
2242 1665 2301 1713 ον’

381 1749 437 1795 τί
471 1749 647 1813 δράσας
685 1749 832 1797 οὕτως
867 1752 1036 1798 affro&-
1073 1755 1302 1810 γενναίους
1345 1752 1642 1817 ἐξεδίδαξας;
1690 1754 1918 1801 Erratum
1952 1761 2026 1802 est
2052 1747 2112 1802 'in
2150 1734 2303 1805 Clau.

377 1840 608 1898 Journal,
636 1840 703 1889 N.
727 1841 924 1889 xxm.
951 1857 1003 1905 p.
1032 1847 1142 1899 109.
1179 1846 1406 1902 γενναίους
1437 1845 1509 1908 ἐξ.
1546 1852 1598 1893 et
1622 1843 1735 1910 Εῠρ.
1772 1844 1950 1903 omitti,
1973 1845 2043 1894 nil
2065 1853 2304 1910 praeteren

380 1933 586 1982 collator
608 1933 729 1982 Ask.

485 2049 627 2093 1053.
662 2044 920 2108 (Append.
958 2060 1006 2108 p.
1035 2043 1140 2106 66.)
1189 2045 1340 2108 fln'ssas·
1383 2045 1615 2099 Eustaih.
1649 2052 1711 2099 ἷλ.
1744 2046 1792 2094 ὅ.
1838 2062 1886 2113 p.
1910 2043 2144 2104 1160,50.
2194 2044 2309 2097 Alia

381 2139 660 2189 Schaeferus
684 2133 749 2189 ad
775 2143 889 2189 Bos.
914 2157 964 2205 p.
984 2144 1099 2198 277.
1125 2139 1220 2191 Ox.

484 2258 629 2310 1089.
667 2253 922 2320 Παρνήθων
958 2255 1235 2304 Bentleius.
1280 2215 1410 2303 xVide
1437 2263 1490 2303 et
1524 2247 1853 2317 (Elmsleium,
1885 2251 1934 2301 ni
1957 2246 2120 2315 fallor)
2157 2244 2307 2306 Clau,

379 2347 556 2395 Journ.
580 2349 646 2396 N.
669 2350 760 2398 XI.
786 2367 837 2413 p.
862 2355 971 2405 137.

488 2461 633 2502 1203.
671 2454 788 2519 τῷδε
813 2457 1091 2503 Ravennas.

487 2573 634 2622 1217.
673 2567 880 2634 εὕτηχὴς
908 2567 989 2619 ed.
1022 2573 1167 2617 1539.
1215 2567 1263 2615 in
1288 2567 1491 2633 εὐτυχὴς
1514 2575 1675 2616 mutat
1696 2568 1968 2622 Porsonus3
2010 2565 2108 2614 hoc
2144 2563 2313 2628 igitur,

384 2670 481 2702 non
506 2654 741 2714 εὐδαίμων,
766 2656 918 2704 habet
940 2657 998 2704 B.

487 2762 630 2812 1266.
669 2763 799 2811 Vide
835 2743 1027 2812 codicis
1066 2764 1338 2814 lectionem
1375 2774 1604 2814 accurate
1631 2771 2033 2828 repraesentatam
2057 2778 2088 2812 a
2126 2762 2315 2812 Kiddio

384 2856 447 2904 ad
474 2856 670 2906 Dawes.
696 2875 747 2922 p.
764 2866 879 2907 430.
2291 2840 2294 2843 .

492 2972 636 3020 1337.
673 2964 799 3012 Vide
835 2965 1044 3012 Porson.
1086 2963 1149 3011 ad
1187 2966 1391 3027 Argum.
1428 2963 1665 3021 Nubium,
1707 2970 1756 3011 et
1790 2974 1947 3012 meam
1982 2963 2312 3014 collationem.

390 3060 735 3107 ΜΕΛΗΤΟΣ
787 3059 1051 3124 Inscriptio
1088 3059 1220 3124 apud
1262 3060 1417 3123 Spon.
1455 3060 1566 3108 ltin.
1605 3067 1642 3108 t.
1667 3060 1762 3107 111.
1797 3074 1845 3122 p.
1872 3065 1971 3114 70..
1999 3059 2096 3107 Per
2132 3061 2164 3116 ἦ
2195 3058 2314 3108 edd.

386 3161 509 3201 vett.
535 3154 740 3202 Luciani
756 3150 820 3202 T.
841 3154 909 3201 ΙΙ.
927 3169 978 3216 p.
999 3151 1205 3211 638,94.
1230 3151 1541 3201 Theodoreti
1567 3168 1680 3201 mss,
1707 3151 1824 3197 Ελλ.
1846 3168 1899 3198 π.
1918 3152 2015 3215 θερ.
2038 3166 2090 3214 p.
2116 3156 2314 3208 120‚12.

387 3243 466 3290 ed.
503 3244 733 3308 Sylburg.
778 3243 888 3304 (sed
921 3253 936 3289 ῐ
972 3260 1022 3307 p.
1047 3250 1157 3300 109,
1173 3248 1254 3290 50.
1294 3243 1422 3291 Vide
1457 3243 1561 3292 ind.
1592 3244 1776 3302 rerum)
1809 3257 1954 3305 quem
1991 3240 2159 3288 locum
2196 3240 2315 3288 olim

388 3335 504 3383 mihi
537 3335 823 3384 monstravit
852 3334 1114 3382 Elmsleius
1130 3353 1144 3390 ς
1181 3342 1258 3382 ier
1285 3333 1334 3383 in
1364 3335 1547 3383 Athen.
1571 3335 1687 3382 X11.
1721 3350 1771 3397 p.
1791 3339 1904 3382 551.
1930 3331 1988 3380 C.
2012 3330 2127 3379 Ald.
2149 3337 2202 3379 et
2224 3346 2314 3406 ms.

388 3430 516 3478 Vide
542 3430 695 3479 Kidd.
720 3429 783 3478 ad
818 3431 1014 3478 Dawes.
1047 3439 1096 3494 p.
1117 3435 1232 3478 488.
1284 3429 1518 3478 Scholion
1562 3429 1610 3477 in
1647 3428 1757 3475 MS.
1788 3426 1958 3474 Clark.
1998 3427 2152 3485 (nunc
2183 3423 2315 3472 Bod-

389 3520 570 3583 leiano)
608 3521 824 3572 Platonis
859 3521 894 3569 f.
921 3528 968 3570 8.
999 3521 1047 3568 b.
1095 3521 1158 3569 ad
1200 3522 1347 3585 Apol.
1387 3524 1526 3570 Socr.
1565 3537 1618 3584 p.
1648 3526 1725 3568 18.
1759 3518 1816 3566 Β.
1861 3517 2068 3584 HSt9in
2106 3514 2313 3592 Porsoni

395 3615 588 3664 schedis
607 3636 620 3674 3
670 3615 807 3664 οὗτος
839 3620 866 3663 ὁ
892 3616 1057 3672 οἷ’νυτρς
1094 3615 1146 3671 ἦν
1176 3616 1443 3676 α’νθεμίωνος
1486 3619 1573 3666 vide
1611 3615 1825 3673 α’θηναῖος
1849 3611 1993 3672 γένος·
2040 3608 2311 3673 ἀλκιβιάδου
