2522 4100
1340 37 1375 63 fi

915 254 1386 302 PRAEFATIO.
2050 239 2095 278 V

211 406 628 489 indicassent,
678 413 794 467 aut
841 403 980 488 ipse
1029 401 1161 466 levi
1208 420 1405 486 opera
1461 418 1726 484 possem
1776 398 2101 484 colligere.

212 531 505 609 Scholia,
552 541 628 595 ut
683 503 815 595 hoc
860 529 1169 614 exemplo
1212 538 1380 603 utar,
1435 525 1784 612 diligenter
1831 528 2104 600 excussi,

213 672 476 752 semper
522 659 591 722 in
647 657 995 722 consilium
1059 655 1355 720 adhibito
1404 653 1935 729 Hemsterhusi0‚
2000 656 2113 739 qui

210 770 340 854 ffl'c
371 787 443 851 in
473 797 661 873 parte
690 786 1043 873 praeclarus
1074 796 1194 851 est.
1280 783 1705 858 Criticorum,
1745 784 2112 869 praesertim

214 899 686 996 recentiorum,
771 919 1186 1006 conjecturas
1266 915 1656 1001 conquirere
1737 915 2110 1000 supersedi;

216 1050 411 1116 unius
471 1047 766 1115 Elmsleii
830 1050 1094 1135 scripta,
1159 1059 1238 1113 ut
1300 1049 1366 1112 in
1427 1045 1653 1113 Attica
1712 1069 1907 1112 scena
1970 1069 2114 1134 reg-

214 1179 462 1254 nantis,
509 1180 843 1268 negligere
885 1181 1090 1245 nolui.
1189 1179 1342 1267 Ipse
1394 1204 1545 1268 quae
1595 1191 1836 1267 praeter
1886 1181 2115 1246 lectio-

216 1330 384 1375 num
439 1309 856 1374 notationem
913 1321 992 1375 et
1029 1309 1550 1398 corruptelarum
1608 1310 2119 1396 explicationem

156 1437 168 1447 ’
220 1438 495 1531 dixerim
553 1461 771 1526 neque
824 1440 1035 1506 multa
1070 1451 1268 1517 sunt,
1331 1453 1399 1506 et
1450 1442 1503 1506 si
1560 1442 1775 1506 minus
1827 1444 1910 1507 ad
1962 1442 2119 1508 Ari-

221 1534 640 1660 stoplianem,
675 1573 759 1637 ad
792 1571 1161 1639 Porsonum
1184 1574 1693 1661 ¹quodammodo
1725 1587 2045 1662 spectant.

301 1697 309 1705 ’
359 1686 758 1768 Transmisit
784 1703 886 1768 vir
914 1704 1194 1769 eximius
1225 1715 1293 1770 et
1321 1705 1403 1770 de
1436 1727 1544 1771 me
1567 1707 1820 1792 optime
1852 1709 2122 1775 meritus

222 1833 287 1902 J.
319 1836 390 1904 F.
422 1835 891 1902 Boissonadius
926 1839 1188 1905 notulas
1220 1840 1291 1903 in
1322 1838 1613 1917 Plutum,
1647 1845 2123 1930 extemporales

228 1932 499 2053 quidem
541 1966 704 2043 illas,
744 1978 813 2031 at
858 1988 927 2031 se
959 1968 1400 2055 dignissimas,
1443 1991 1606 2055 quas
1636 1970 1704 2033 in
1737 1969 2124 2058 Appendice

227 2104 546 2170 invenies.
648 2104 889 2192 Neque
944 2107 1204 2172 silentio
1257 2069 1751 2195 praetereundus
1800 2111 2123 2200 Georgius

227 2236 505 2327 Burges,
558 2249 750 2304 vetus
800 2251 868 2339 et
917 2242 1236 2327 probatus
1291 2243 1581 2318 amicus;
1659 2246 1771 2331 qui
1824 2246 2034 2312 multa
2087 2272 2126 2314 e

228 2364 569 2433 codicibus
618 2369 967 2455 excerpsit,
1017 2381 1086 2434 et
1117 2370 1240 2436 alia
1273 2372 1493 2446 docte,
1543 2382 1618 2436 ut
1663 2373 1851 2452 solet,
1884 2387 1953 2439 et
1991 2364 2123 2442 uti-

10 2492 19 2501 ’
57 2508 75 2531 ·
188 2558 191 2560 .
229 2498 378 2576 liter
415 2501 787 2611 admonuit.
