2522 4100
483 276 565 336 80
1260 266 1599 320 RANAF..

481 432 579 495 lei.
635 431 698 492 in
768 429 1090 493 Menandr.
1156 446 1215 506 p.
1257 427 1354 487 58.
1563 423 1738 487 1427.
1823 424 1921 487 Ad
1986 423 2182 486 orest.
2238 421 2377 491 141.

487 542 664 608 1429.
749 541 847 604 Ad
875 538 1038 600 Med.
1074 538 1128 597 l.
1267 534 1441 596 1431.
1511 545 1570 596 et
1595 557 1754 598 mox.
1785 535 1962 600 1440.
1990 538 2075 598 ad
2110 535 2213 598 Or.
2246 535 2406 599 141.Δ
2506 537 2508 556 ᾗ

2506 569 2510 649 ἱ

486 654 664 717 1438.
751 651 916 712 citat
943 649 1155 709 Suidas
1185 667 1238 706 v.
1270 648 1455 708 πειθώ.
1625 648 1799 710 1439.
1886 651 2050 709 Citat
2086 649 2300 712 Suidas
2329 669 2382 714 v.
2507 655 2510 749 3

483 769 749 827 θανατῶν.
951 758 1127 819 1449.
1215 758 1381 818 Citat
1439 758 1652 820 Suidas
1705 781 1763 819 v.
1817 761 2031 839 βρῖθος.
2188 758 2381 822 1453.

485 875 650 937 Suid.
681 872 895 954 ἄραιτο.
938 870 1278 951 α’χθοφόρον.
1323 870 1420 950 [ὡς
1465 870 1648 930 tacite
1676 869 2032 930 Brunclcius
2066 878 2315 960 ποίᾳιμε
2343 889 2385 929 a
2455 896 2463 906 ·

484 986 763 1046 Porsono
799 981 1021 1061 Opusc.
1055 1003 1122 1062 p.
1151 983 1284 1061 31.]
1456 980 1633 1056 1459,
1657 983 1755 1044 60.
1845 983 2012 1050 Suid.
2041 981 2101 1044 δι’
2126 981 2346 1066 ἔχθρας.
2424 1031 2428 1035 .

615 1107 795 1168 1475.
882 1113 1141 1189 φανεῖται
1195 1127 1306 1187 pro
1355 1108 1568 1191 πέφυκε
1627 1108 1780 1168 male
1831 1107 1998 1168 Suid.
2052 1129 2105 1170 v.
2135 1115 2388 1193 -Σίφνιοι.

486 1218 965 1279 Rescribendum
994 1218 1240 1278 totidem
1267 1217 1474 1289 merie,
1498 1219 1727 1295 μεγάλα
1755 1215 1812 1278 δὲ
1846 1219 2154 1293 βλάπτειν,
2182 1227 2253 1281 ut
2286 1240 2391 1301 op-

488 1330 633 1389 time
660 1328 842 1390 habet
871 1327 1085 1388 Suidas
1113 1349 1167 1389 v.
1198 1333 1429 1410 Σίφνιοι.
1515 1328 1667 1388 Vide
1711 1328 1960 1409 Taylor.
2006 1331 2083 1389 ad
2103 1375 2107 1380 -
2125 1328 2388 1412 Lycurg.

487 1460 545 1520 p.
570 1440 709 1503 323.
756 1440 853 1500 cui
882 1439 1134 1499 eandem
1161 1438 1526 1498 locutionem
1554 1439 1829 1499 restituit.
1918 1439 2092 1499 Adde
2119 1438 2388 1506 AEschin.

490 1569 540 1609 c.
571 1549 880 1610 Timarch.
910 1550 1041 1608 init.
1088 1547 1391 1608 Plutarch.
1424 1550 1498 1607 de
1525 1550 1807 1608 audiend.
1852 1549 2021 1609 Poet.
2067 1569 2130 1628 p.
2152 1549 2252 1613 40.
2297 1552 2390 1611 ed.

491 1657 722 1719 Potter.
809 1657 1220 1718 Mnesitheum
1278 1659 1437 1736 apud
1478 1659 1696 1717 Athen.
1730 1657 1845 1717 XI.
1898 1658 1990 1720 10.
2033 1679 2094 1739 p.
2119 1659 2260 1722 483.
2319 1662 2390 1723 F.

491 1769 835 1850 Thucydid.
871 1766 1035 1827 VIII.
1068 1768 1166 1829 60.
1255 1767 1527 1826 Eustath.
1574 1767 1636 1825 in
1666 1765 1912 1826 Homer.
1941 1766 2015 1827 11.
2045 1775 2118 1829 Κ.
2166 1790 2226 1850 p.
2252 1766 2390 1832 789.

495 1886 561 1940 e.
596 1897 657 1958 p.
682 1879 821 1938 707.
869 1878 956 1956 [p.
983 1878 1125 1949 707,
1148 1877 1245 1938 62.
1333 1878 1560 1955 μεγάλα
1587 1877 2010 1951 βλαβήσοντα..
2043 1899 2104 1958 p.
2131 1878 2272 1951 789,
2294 1880 2394 1950 63.

491 1989 725 2067 μεγάλα
751 1986 1055 2064 βλάπτει]
1225 1992 1503 2068 φανεῖται,
1544 1986 1774 2063 μεγάλα
1821 1981 1877 2046 δέ
1928 1985 2094 2047 Suid.
2144 1989 2237 2048 ed.
2280 2008 2394 2069 ms.

491 2106 698 2182 σίφνιοι
708 2143 720 2157 .

624 2239 800 2301 1480.
874 2242 1124 2324 ἐκτρέφῃ
1153 2239 1459 2300 Plutarch.
1493 2240 1859 2302 Alcibiad.1.
1885 2262 1944 2322 p.
1975 2242 2108 2303 199.
2146 2248 2149 2250 ’
2191 2285 2195 2289 -
2229 2241 2396 2302 Suid.
2509 2254 2514 2322 ζ

496 2368 601 2408 ms.
633 2368 749 2411 om.
781 2351 839 2410 οὐ
882 2352 992 2431 χρὴ
1020 2361 1077 2410 λ.
1168 2350 1255 2410 Ut
1282 2351 1442 2432 vulg.
1476 2352 1539 2409 in
1569 2352 1811 2421 σκύμνος.
1950 2351 2126 2412 1485.
2198 2357 2236 2384 ‘⁶
2256 2352 2399 2412 Λειῦ-
2508 2366 2514 2437 3

497 2488 683 2543 κριτον
711 2461 877 2522 Suid.
907 2483 961 2523 V.
992 2464 1339 2543 Λεώκριτος”
1371 2462 1639 2522 KUSTER.
1773 2464 2076 2543 Λεώκριτον
2105 2462 2269 2523 Suid.
2300 2463 2396 2523 ed·
2508 2462 2511 2480 ¹

505 2571 570 2632 in
600 2590 651 2632 v.
681 2573 788 2631 sed
828 2581 890 2632 et
934 2579 1139 2633 Κλεοκ.
1183 2573 1411 2651 ordine.
1501 2575 1638 2634 Om.
1683 2596 1792 2635 ms.
1967 2574 2144 2637 1493.
2213 2575 2400 2636 ,Suid.

499 2683 795 2755 ἀμάθητος.
923 2728 925 2730 -
967 2683 1146 2744 1496.
1231 2690 1494 2756 σωθεῖμεν
1530 2687 1770 2747 Dawes.
1801 2687 1979 2749 Misc.
2007 2687 2157 2748 Crit-
2185 2686 2400 2769 pm.

502 2793 744 2856 favente
771 2795 989 2876 partim
1019 2795 1222 2869 Suida,
1267 2799 1371 2879 qui
1411 2820 1467 2859 v.
1498 2802 1853 2883 σαφέστερον
1889 2821 2126 2862 versum
2169 2802 2255 2863 sic
2300 2822 2403 2863 ex-

504 2903 705 2966 hibet:
737 2907 992 2967 Τούτοισι
1019 2912 1421 2988 χρησαίμεσθα,
1450 2916 1742 2983 σωθείημεν
1766 2911 1846 2972 ἂν.
1880 2960 1882 2963 ψ
1914 2912 2130 2973 Obiter
2149 2913 2404 2972 emenda

506 3013 912 3077 Menandrum
941 3020 1105 3097 apud
1134 3019 1333 3079 Eund.
1366 3014 1418 3081 v.
1459 3023 1554 3082 ἀπ’
1594 3023 1825 3104 ἐχθρῶν.
1912 3026 2056 3105 Οὐχ·
2103 3022 2228 3085 ὅθεν
2251 3024 2403 3084 ἀπω-

502 3125 728 3196 λόμεσθ’
752 3128 880 3190 ἰ’σως
905 3132 1167 3197 σωθεῖμεν
1195 3126 1276 3190 ἄν.
1364 3131 1458 3190 lta
1485 3133 1806 3212 scripserat
1834 3133 2193 3205 Menander,
2224 3153 2401 3214 quem

504 3237 714 3298 eodem
786 3240 962 3301 modo
1029 3259 1274 3319 prorsus
1328 3262 1447 3323 quo
1503 3245 1967 3324 Aristophanem
2021 3254 2405 3306 truncaverat
2508 3250 2510 3257 '

505 3348 738 3423 SuidaS,
782 3351 1111 3411 omittendo
1143 3355 1272 3417 ἰ’σως
1314 3362 1374 3413 et
1422 3353 1817 3425 infel-ciendo
1840 3361 2154 3428 σωθείημεν.
2254 3355 2307 3415 V
2305 3356 2404 3416 ide
2504 3396 2508 3446 3

505 3459 775 3540 Append.
820 3465 905 3524 ad
960 3461 1156 3544 Toup.
1195 3485 1261 3543 Ρ.
1292 3465 1437 3528 439.
1481 3475 1540 3526 et
1587 3467 1856 3530 Porsom'
1908 3468 2130 3547 Opusc.
2163 3489 2231 3547 Ρ.
2259 3468 2400 3529 382.

486 3563 611 3642 fin
777 3571 994 3636 τούτοις
1034 3577 1397 3654 χρησαίμεθα,
1445 3578 1735 3648 σωθείημεν
1778 3575 1945 3638 Suid.
1974 3597 2080 3637 ms.
2115 3575 2403 3658 σαφέστε·
2503 3576 2507 3624 ἶ
