2522 4100
357 252 434 312 18

357 436 475 518 Χρ.

1088 263 1592 325 ΠΛΟΥΤΟΣ.

581 432 814 521 τέχναι
863 435 928 502 δὲ
977 441 1189 502 πᾶσαι
1239 435 1341 501 διὰ
1389 434 1494 510 σὲ,
1546 434 1654 499 καὶ
1701 434 2106 525 σοφίσματα
2197 439 2321 505 160
2386 487 2392 492 -

581 573 648 633 ἐν
694 577 912 634 τοῖσιν
960 565 1394 654 α’νθρώποισιν
1440 562 1580 631 ἔσθ’
1630 564 1966 652 εὑρημένα.

585 705 620 764 6
667 699 781 778 μὲν
828 699 956 788 «γὰρ
1005 704 1219 765 αὐτῶν
1266 707 1680 780 σκυτοτομεῖ
1720 700 2088 781 καθήμενος.

584 1217 732 1283 ὁδὲ
779 1218 1089 1309 γναφεύει
1138 1223 1223 1299 «γ’.

355 1378 478 1426 citat
502 1379 889 1430 Hemsterliusius
922 1382 1100 1431 Athen.
1135 1382 1195 1429 V.
1238 1398 1295 1445 p.

359 1457 472 1506 220.
515 1459 570 1506 C.
621 1460 796 1525 Aspas.
839 1461 906 1509 ad
936 1462 1095 1510 Arist.
1130 1460 1294 1509 Etlaeic.

340 1535 442 1599 sol.
473 1542 582 1586 125.
621 1554 663 1585 α.
713 1541 850 1603 quasi
883 1542 1147 1606 μοχθηρίαν
1192 1555 1295 1587 cum

353 1615 716 1664 scholia-starum
752 1634 846 1666 uno
892 1620 1296 1683 interpretaretur

356 1694 622 1755 ἅσελγείαν.
694 1698 790 1746 Sed
813 1701 1065 1747 rectissime
1086 1700 1298 1763 explicat

359 1775 607 1823 Heraldus
644 1784 814 1825 contra
859 1779 1060 1827 Salmas.
1099 1796 1156 1842 p.
1181 1786 1295 1836 399.

357 1853 575 1916 (Taylor.
619 1855 688 1903 ad
728 1857 996 1904 AEsclzinem
1037 1874 1093 1921 p.
1133 1865 1178 1915 8,
1218 1863 1296 1912 17.

359 1932 548 1996 Steph.)
585 1936 664 1981 cui
699 1937 742 1982 si
776 1935 928 1998 plura
971 1937 1041 1983 vis
1082 1935 1298 2001 adjunge

356 2011 570 2076 Lennep.
592 2013 661 2062 ad
682 2014 934 2063 Phalarin
963 2031 1021 2078 p.
1052 2022 1163 2064 130.

430 2103 539 2152 161.
574 2103 621 2153 ἐν
644 2112 742 2152 τοῖς
765 2093 895 2153 aff}
910 2107 1021 2153 εἰσὶν
1046 2114 1089 2156 1.

428 2194 592 2244 160-8.
630 2197 873 2261 Cliremyli
890 2197 1011 2245 Ald.
1026 2199 1167 2246 Junt.
1188 2208 1229 2246 1.
1248 2207 1296 2248 2.

360 2274 488 2322 Rav.
514 2273 574 2321 In
595 2274 663 2321 R.
683 2275 904 2324 Curionis
926 2275 1033 2324 163.
1058 2275 1160 2325 165.
1186 2277 1297 2332 167.

358 2352 576 2401 Bentleii
597 2352 977 2400 distributionem
1005 2355 1074 2414 (in
1098 2361 1212 2402 nota
1234 2354 1302 2403 ad

359 2434 494 2491 579.)
547 2432 696 2478 secuti
750 2438 863 2479 sunt
913 2432 1197 2481 Brunclcius
1251 2441 1298 2482 et

359 2510 628 2558 Porsonus.

432 2591 541 2641 164.
578 2601 852 2659 χρυσοχοεῖ
867 2613 920 2654 «γε
943 2597 1000 2642 Α.
1030 2603 1072 2643 1.
1119 2615 1299 2660 χρυσο-

361 2678 476 2736 χοεῖ
494 2672 556 2718 τό
577 2693 634 2738 χ.
669 2672 814 2722 Linc-

428 2764 483 2809 γε
507 2767 597 2799 om.
617 2751 739 2800 Ala.
761 2753 905 2802 Junt.
934 2760 979 2801 1.
1004 2743 1089 2802 Ἰ).
1125 2755 1299 2803 hahent

360 2833 413 2881 J.
439 2836 486 2881 2.
525 2833 652 2881 Rav.
678 2834 843 2898 Borg.
868 2834 936 2882 A.
962 2835 1016 2883 C.
1043 2835 1200 2884 Doro.
1239 2836 1296 2884 U.

359 2911 498 2976 apud
539 2912 963 2972 Hemsterhusium‚
1009 2914 1206 2966 Arund.
1249 2914 1296 2963 6.

361 2990 443 3039 Ita
482 2989 554 3038 Β.
611 2994 640 3036 6
682 2990 732 3038 δὲ
769 2994 968 3057 χρυσίον
1005 2990 1304 3060 ε’χρυσοχοεῖ

359 3070 415 3130 (ἱ.
438 3086 476 3118 e.
513 3089 568 3128 γε
592 3077 877 3137 χρυσοχοεῖ,
919 3078 975 3118 ut
1013 3088 1068 3119 ex
1101 3079 1296 3121 accentu

360 3148 831 3229 liquet)xpuo·oxoe‘i
869 3172 936 3198 τις
985 3151 1224 3201 Kasterus
1273 3171 1297 3201 e

359 3230 647 3292 conJ'ectura,
671 3235 717 3278 et
739 3232 806 3278 sic
828 3231 949 3278 citat
963 3232 1217 3280 Bentleius
1233 3232 1301 3282 ad

364 3313 478 3362 579.
514 3316 790 3373 χρυσοχοεῖ
816 3309 878 3354 τό
910 3311 1109 3374 χρυσίον
1142 3310 1296 3360 Bodl-

360 3385 493 3446 apud
511 3387 693 3435 Hemst.
718 3387 847 3452 quod
866 3392 1128 3454 conjecerat
1146 3391 1301 3440 Bent-

363 3459 495 3515 Ieius,
538 3469 582 3508 et
618 3463 835 3514 ediderat
877 3466 1108 3516 Caninius
1140 3471 1192 3517 in
1225 3470 1299 3520 ed.

365 3540 558 3603 Gryph.
590 3550 730 3592 1548.

433 3619 545 3670 166.
581 3625 610 3666 6
650 3622 699 3669 δὲ
736 3625 949 3688 «γναφεύει
989 3629 1045 3687 γ’.
1093 3630 1122 3675 6
1159 3627 1208 3678 ’δέ
1244 3649 1298 3690 γε

585 828 803 916 ἕτερος
851 829 915 895 δὲ
964 831 1277 915 χαλκεύει
1327 850 1446 891 τις·
1516 834 1550 890 6
1600 827 1665 892 δὲ
1714 828 2164 894 τεκταίνεται.

584 965 620 1022 6
668 957 733 1024 δὲ
782 966 1150 1045 χρυσοχοεῖ
1190 984 1292 1037 γε,
1345 955 1624 1041 χρυσίον
1671 955 1851 1043 παρὰ
1905 962 2031 1020 σοῦ
2064 954 2321 1035 λαβών.

586 1093 623 1152 6
656 1088 722 1153 δὲ
756 1090 1131 1155 λωποδυτεῖ
1157 1115 1259 1170 γε,
1298 1086 1366 1161 νὴ
1400 1087 1527 1165 Δί’,
1562 1093 1596 1151 6
1632 1086 1697 1152 δὲ
1730 1096 2148 1233 τοιχωρυχεῖ.
2201 1090 2323 1156 165

1383 1384 1536 1430 πλύνει
1575 1385 1765 1433 Dawes.
1798 1385 1939 1434 Misc.
1964 1385 2088 1435 crit.
2131 1402 2182 1450 p.
2212 1393 2326 1444 197.

1381 1462 1589 1527 κναφειίει
1616 1465 1662 1511 ὂς
1687 1465 1735 1512 Be*
1759 1475 1842 1512 πλ.
1866 1467 1931 1514 Α.
1969 1488 2033 1513 κν.
2058 1470 2087 1512 6
2116 1466 2165 1514 δέ
2201 1487 2254 1515 π.
2282 1475 2328 1516 l.

1380 1545 1592 1607 ’γναφεύει
1638 1546 1693 1604 (ἰ.
1717 1562 1756 1592 e.
1804 1568 1874 1604 γυ.
1911 1567 1982 1594 τις·
2021 1550 2050 1593 ὁ
2087 1546 2138 1594 δὲ
2174 1568 2226 1595 π.
2269 1552 2330 1596 ut

1379 1623 1588 1684 videtur)
1623 1624 1768 1673 Linc.

1468 1706 1497 1748 6
1553 1704 1603 1751 Be*
1661 1704 1868 1768 κναφεῦει
1926 1725 2010 1752 τις.
2085 1710 2115 1753 6
2160 1706 2211 1755 Be*
2269 1727 2323 1757 π.

1381 1788 1477 1830 tres
1509 1785 1705 1847 primoe,
1754 1783 1871 1832 Elb.
1906 1791 1964 1832 ut
2000 1784 2207 1844 videtur,
2247 1786 2324 1837 D.

1380 1862 1577 1911 Arund.
1602 1862 1650 1911 6.
1698 1867 1726 1908 6
1761 1863 1808 1911 δὲ
1843 1863 2051 1928 κναφειῖει
2085 1865 2127 1924 ‘y’
2149 1870 2178 1912 6
2200 1866 2250 1914 δὲ
2271 1887 2326 1915 π.

1382 1942 1453 1989 Β.
1481 1942 1535 1989 C.
1570 1948 1617 1989 et
1655 1943 1782 1991 Rav.
1819 1944 1987 2010 Borg.
2042 1946 2156 2006 (nisi
2183 1945 2328 2010 sorte

1380 2021 1434 2068 ln·
1452 2024 1480 2068 ὀ
1498 2020 1546 2070 δέ
1567 2042 1620 2082 ’γε
1643 2043 1694 2069 π.
1717 2022 1892 2072 liabent
1905 2042 1923 2079 ,·
1947 2041 2057 2073 nam
2069 2024 2329 2082 Invernizii

1380 2109 1494 2151 nota
1529 2120 1634 2153 cum
1672 2111 1807 2154 textu
1836 2110 2074 2172 pugnat.)
2117 2109 2327 2172 κναφεῦει

1381 2182 1509 2232 Par.
1546 2190 1696 2239 2827.
1731 2190 1789 2231 ut
1822 2184 2051 2240 videtur;
2098 2189 2127 2232 ὁ
2151 2187 2200 2235 δὲ
2224 2207 2328 2234 κνα-

1381 2260 1505 2324 φεύει
1528 2282 1599 2322 «γε.
1633 2263 1661 2308 6
1686 2262 1736 2310 δέ
1756 2283 1809 2322 γε
1836 2284 1886 2310 π.
1911 2264 2074 2313 Dorv.
2100 2268 2128 2310 6
2151 2265 2199 2315 δὲ
2220 2287 2329 2326 *γνα-

1381 2339 1504 2403 φεῦει
1539 2343 1597 2400 ιγ’.
1619 2339 1681 2387 ’ὃς
1719 2341 1767 2388 δὲ
1802 2362 1851 2388 π.
1887 2342 1953 2390 Α.
1989 2347 2019 2389 6
2040 2343 2090 2391 Be*
2111 2347 2327 2409 γναφεύει

1379 2419 1440 2478 γ’.
1510 2424 1539 2465 ό
1579 2420 1628 2469 δέ
1669 2440 1724 2480 γε
1773 2420 2077 2481 Brunckius,
2120 2424 2328 2487 J'ubente

1381 2499 1640 2554 Dawesio,·
1688 2506 1735 2548 et
1752 2503 1820 2548 sic
1844 2502 1895 2548 in
1921 2501 2048 2550 libro
2071 2519 2156 2551 suo
2180 2519 2330 2553 emen-

1380 2576 1468 2625 dat
1481 2578 1798 2641 Tyrwlzittus.
1829 2579 1939 2646 Hoc
1963 2577 2086 2628 idem
2106 2580 2328 2630 Bentleio

1382 2658 1620 2705 tribuitur
1643 2659 1696 2705 in
1716 2659 1850 2706 Mus.
1867 2658 1994 2708 Crit.
2015 2659 2158 2708 Cant.
2182 2660 2253 2710 P.
2273 2661 2329 2711 V.

1373 2754 1430 2801 p.
1461 2744 1572 2793 127.
1600 2753 1694 2800 per
1716 2754 1940 2796 errorem,
1965 2745 2022 2786 ut
2035 2745 2178 2804 puto.
2236 2739 2332 2790 Nil

1380 2832 1490 2864 sane
1530 2817 1625 2863 nisi
1676 2816 1770 2882 Χρ.
1842 2817 1936 2879 ipsi
1980 2817 2083 2865 loco
2127 2817 2330 2867 ascribit

1382 2895 1639 2944 Bentleius
1657 2913 1674 2949 ;
1707 2902 1753 2943 et
1777 2897 1829 2943 in
1848 2897 2053 2962 vulgata
2074 2899 2330 2962 acquiescit

1380 2974 1432 3020 in
1472 2979 1589 3020 nota
1629 2972 1696 3021 ad
1731 2980 1848 3031 579.
1887 2975 2024 3039 apud
2045 2974 2328 3026 Kusterum.

1381 3051 1461 3099 Ita
1468 3052 1580 3115 fere
1604 3053 1934 3102 constituenda
1949 3059 2074 3118 puto
2103 3054 2297 3104 Scholia
2309 3073 2329 3111 ‚-

1382 3131 1640 3195 Κναφεύει;
1697 3131 1761 3180 Οἱ
1796 3135 1988 3182 παλαιοὶ
2017 3135 2235 3184 Ἀττικοὶ
2259 3136 2331 3184 διδ.

1381 3225 1469 3270 τοῦ
1492 3226 1543 3280 κ’,
1566 3227 1610 3271 οἱ
1633 3224 1682 3273 δέ
1699 3226 1912 3292 νεώτεροι
1928 3227 2002 3275 διά
2020 3229 2108 3290 τοῦ
2123 3250 2170 3289 7,
2194 3227 2334 3294 rapa*

1381 3302 1469 3359 τήν
1489 3304 1668 3364 γνάψιν

1384 3395 1472 3440 τοῦ

1682 3306 2020 3353 2--Ἀττικόν
2051 3306 2134 3364 μὲν
2169 3307 2232 3353 ‘r6
2256 3305 2330 3354 Bae

1496 3397 1548 3452 κ’,
1586 3397 1732 3442 κοινόν
1756 3397 1805 3445 δέ
1828 3398 1891 3445 τὸ
1913 3398 1986 3446 δαὶ
2010 3400 2099 3446 τοῦ
2117 3386 2172 3459 ἶ.
2224 3400 2329 3447 κνά-

1383 3481 1469 3536 φος
1494 3471 1542 3521 δέ
1561 3473 1667 3522 ἐστι
1684 3475 1770 3536 850.
1807 3477 2186 3526 Priusscliolion
2199 3494 2327 3525 mera

1382 3558 1452 3599 est
1496 3554 1694 3616 epitome
1736 3559 2039 3619 posterioris.
2126 3555 2328 3605 Videtur

1385 3631 1737 3684 Grammaticus
1794 3637 1894 3684 tria
1963 3635 2104 3686 verba
2158 3634 2329 3685 distin-
