2522 4100
373 226 457 285 26

1114 234 1620 295 ΠΛΟΥΤΟΣ.

613 404 813 473 αὐτὸς
859 404 1191 497 διαπράξω
1239 411 1490 472 ταῦτα.

1478 533 1596 599 κᾶν
1645 532 1864 624 βούλῃ
1910 539 1974 616 γ’
2022 533 2172 616 ἐγώ.

607 668 863 732 πολλοὶ
909 668 958 732 δ’
1006 664 1280 733 ἔσονται
1330 666 1624 755 χ’ἅτεροι
1677 674 1794 755 νῷν
1842 665 2197 757 ξύμμαχοι,

611 798 791 865 ὅσοις
838 801 1095 865 δικαίοις
1143 799 1328 867 οὖσιν
1377 805 1490 866 οὐκ
1539 799 1612 875 ἦν
1660 800 1950 890 ἄλφιτα.

611 932 851 1010 παπαὶ,
916 929 1225 1017 πονηρούς
1272 936 1335 1011 γ’
1384 927 1564 993 εἶπας
1612 934 1755 1011 ἡμῖν
1803 926 2204 1017 ξυμμάχους.
2230 942 2361 994 220

613 1068 752 1138 οὐκ,
803 1065 877 1137 ἥν
923 1089 1003 1143 γε
1052 1060 1531 1136 πλουτήσωσιν
1579 1061 1861 1149 ἐξαρχῆς
1907 1055 2137 1125 πάλιν.

609 1201 772 1261 ἀλλ’
817 1195 902 1261 ἴθι
951 1194 1036 1261 σὺ
1083 1194 1198 1277 μὲν
1246 1195 1501 1279 ταχέως
1547 1191 1827 1279 δραμών.

1800 1319 1871 1386 τί
1919 1319 2069 1407 δρῶ,
2121 1317 2307 1402 λέγε.

614 1457 768 1523 τοὺς
815 1454 1270 1547 ξυγγεωργοὺς
1319 1453 1635 1520 κάλεσον·
1689 1451 1977 1540 εὑρήσεις
2024 1450 2074 1515 δ’
2120 1450 2275 1516 ἰ’σως

612 1589 680 1649 ἐν
728 1594 865 1649 τοῖς
912 1591 1135 1671 α’γροῖς
1182 1582 1417 1650 αὐτοὺς
1470 1579 2147 1668 ταλαιπωρουμένους·

613 1712 780 1780 ὅπως
827 1713 904 1779 ἂν
951 1715 1100 1779 ἰ’σον
1145 1712 1431 1778 ἕκαστος
1478 1714 1788 1779 ἐνταυθοῖ
1829 1711 2049 1800 παρὼν

383 1897 476 1929 esse
517 1881 640 1928 serio
678 1879 942 1944 probatum
981 1881 1076 1926 iret
1119 1895 1143 1926 e
1181 1880 1334 1930 nescio

383 1963 535 2024 quus,
556 1959 736 2022 forsan
757 1958 1046 2014 Phavorini,
1071 1957 1267 2020 ineptiis
1283 1957 1336 2003 in

384 2037 510 2087 Aldi
535 2038 713 2086 Hortis
735 2034 978 2084 Adonidis
1012 2034 1113 2099 sol.
1143 2040 1253 2090 187.
1290 2034 1335 2082 b.

387 2118 606 2166 Ceterum
639 2132 747 2179 quae
786 2133 810 2162 e
851 2114 1056 2162 Kusteri
1079 2115 1207 2161 notis
1229 2129 1333 2160 mss.

377 2197 597 2262 protulit
622 2196 1026 2252 Hemsterhnsins,
1050 2193 1255 2242 addend.
1272 2191 1340 2240 ad

391 2277 504 2326 164.
540 2283 587 2323 et
620 2276 755 2333 alibi,
799 2275 856 2322 de
898 2281 927 2301 “
945 2274 1020 2322 ed.
1047 2275 1120 2323 83⁹
1158 2273 1339 2321 intelli-

383 2353 545 2419 genda
591 2353 808 2416 suspicor
855 2360 965 2398 non'
1008 2351 1066 2400 de
1131 2350 1338 2400 editione

387 2435 548 2488 veteri,
592 2431 673 2480 sed
716 2431 772 2479 de
817 2431 908 2478 illa
952 2431 1145 2487 minori,
1200 2446 1339 2494 quam

387 2512 644 2572 meditatus
678 2517 746 2558 est
782 2510 1039 2564 Kusterns,
1064 2510 1244 2573 forsan
1268 2527 1340 2558 as-

386 2597 540 2641 sumto
589 2590 848 2654 Berglero.
900 2587 1015 2635 Vide
1061 2589 1342 2636 Burmanni

391 2669 560 2733 Praef.
590 2684 680 2732 pp.
707 2674 804 2715 2-3.
866 2666 1044 2729 Nempe
1067 2667 1174 2723 isto,
1213 2673 1243 2693 “
1266 2666 1340 2714 ed.

393 2749 467 2796 8.”
502 2753 650 2804 verto,
686 2751 716 2771 “
743 2744 821 2792 Ita
843 2732 1256 2807 reponendendum
1273 2752 1342 2793 est

391 2828 601 2877 intexta
624 2825 850 2874 editionis
874 2826 925 2871 in
953 2825 1030 2872 8.''

458 2915 573 2962 217.
613 2905 696 2969 κᾷν
718 2905 893 2971 βούλῃ]
927 2902 1088 2965 βούλει
1116 2909 1179 2952 Α.
1210 2915 1252 2953 l.

460 2986 543 3038 κᾶν
563 2985 727 3047 βούλει
753 2985 875 3032 Rav.
903 2983 1058 3044 βούλη
1083 2983 1127 3042 μ’
1147 2986 1308 3033 Dorv-

463 3073 576 3116 218.
612 3066 846 3131 χα’ρτεροι
904 3064 1030 3112 Rav.
1089 3067 1263 3110 πολλοί
1305 3079 1347 3124 γ’

396 3147 559 3196 Dorv.

461 3234 576 3276 220.
613 3225 838 3290 πονηρούς
884 3224 947 3288 γ’]
1005 3223 1205 3289 πόνηρος
1240 3223 1347 3270 ἐστὶ

397 3306 821 3371 προπαροξιῖτονον
835 3305 965 3370 παρά
978 3306 1026 3351 α’.
1042 3303 1180 3352 Suid.
1198 3320 1283 3351 ms.
1301 3321 1345 3350 v.

466 3389 634 3431 παπαί·
673 3384 896 3451 πονήρους
919 3384 962 3443 γ’
985 3383 1105 3432 Ald.
1127 3385 1273 3433 Jemt.
1298 3392 1346 3433 2.

400 3466 555 3511 παπαί
578 3463 800 3527 πονήροιῖς
824 3463 865 3520 γ’
894 3464 1000 3523 (sic)
1036 3463 1088 3511 J.
1118 3471 1162 3510 l.
1210 3483 1348 3518 πονη-

400 3540 505 3607 ρούς
528 3544 569 3600 γ’
589 3543 694 3591 edd.
713 3545 809 3591 ΒΥ.
831 3543 933 3590 [nv.
970 3545 1172 3605 πόνηρον
1186 3543 1346 3590 Dorv.

401 3621 573 3679 ιτιεί-παι,
620 3623 845 3689 πονηρούς
871 3623 912 3683 γ’
937 3625 1204 3675 Porsonus.
1263 3625 1349 3674 In-

2234 1718 2361 1780 225

1420 1883 1678 1942 terrogant
1717 1876 1839 1926 Ald.
1881 1877 1935 1926 J.
1974 1884 2022 1926 2.
2079 1892 2175 1925 non
2218 1875 2272 1926 J.
2321 1883 2367 1926 1.

1422 1959 1631 2006 Porson.
1678 1956 1722 2016 γ’
1765 1973 1857 2005 om.
1902 1955 2046 2006 schol.
2102 1954 2372 2021 Euripides

1423 2036 1622 2100 Cyclop.
1648 2035 1762 2086 638.
1797 2035 1954 2101 ἄνδρες
1977 2035 2185 2101 πονηροὶ,
2214 2033 2370 2083 κοῦδὲν

1421 2116 1518 2163 οἵδε
1542 2116 1799 2183 σύμμαχοι.

1486 2217 1599 2259 221.
1650 2209 1746 2256 οὔκ.
1783 2208 1836 2265 ἥν
1872 2206 1994 2256 Ald.
2030 2206 2127 2267 0an,
2162 2206 2219 2265 ἣν
2239 2206 2371 2257 Por-

1419 2303 1521 2336 son.
1557 2286 1616 2351 ἐξ
1637 2286 1686 2334 α’.
1723 2285 1846 2334 Ald.
1871 2285 1973 2334 Br.
1997 2284 2104 2334 Inv-

1489 2387 1603 2429 222.
1642 2378 1844 2445 δραμών]

1491 2472 1674 2538 δραμών
1733 2470 1855 2520 Ald.
1894 2469 2039 2520 Junt.
2086 2479 2129 2518 1.
2207 2470 2374 2521 AB.

1428 2552 1576 2602 0.st
1624 2549 1732 2599 edd.
1759 2549 1861 2598 Br.
1885 2549 1992 2598 Inv.
2046 2549 2227 2616 δραμιῧν
2265 2552 2375 2612 (sic)

1427 2633 1589 2682 Doro.
1629 2631 1785 2688 μολών
1807 2630 1951 2678 Junt.
1983 2635 2199 2691 1525.⁴et
2225 2636 2374 2680 1540.

1425 2718 1540 2760 teste
1564 2709 1940 2758 Hemsterhnsio.
1983 2708 2068 2757 GI.
2107 2710 2160 2756 in
2202 2709 2375 2757 Paris.

1427 2798 1574 2847 2827.
1633 2789 1761 2836 ἄπιθι
1805 2789 1923 2854 πρός
1970 2789 2055 2834 τᾶν
2101 2789 2375 2853 θεράποντα

1427 2871 1585 2934 φησίν.
1657 2865 1793 2916 Unde
1849 2867 2050 2930 conjicit
2103 2867 2378 2930 Schaeserm

1427 2949 1554 2996 ἄπιθι
1591 2962 1688 3011 pro
1734 2945 1839 2991 ἀλλ’
1881 2947 1939 2992 ἰ’θι
1983 2946 2153 3010 legisse
2193 2946 2378 3010 glossa-

1430 3036 1595 3076 torem.
1643 3024 1739 3074 Sed
1773 3024 1979 3089 disting.
2010 3031 2127 3090 post
2148 3024 2293 3074 ἄπιθι.
2328 3028 2381 3072 τί

1430 3108 1524 3177 ’δρῶ
1545 3118 1592 3154 λ.
1639 3104 1760 3154 Ald.
1783 3107 1881 3153 sine
1904 3104 2021 3153 dist.

1498 3209 1613 3253 223.
1649 3201 1965 3266 ξυγγεωργοῦς
2002 3198 2122 3249 Ald.
2159 3200 2309 3249 Junt.
2334 3206 2378 3247 l.

1431 3278 1748 3349 ξυγγεώργους
1768 3279 1822 3328 J.
1847 3285 1894 3326 2.
1930 3277 2040 3325 edd.
2070 3278 2164 3326 ΒΥ.
2190 3276 2298 3325 Ῑπυ.

1500 3379 1614 3420 224.
1652 3377 1802 3416 τοῖσιν
1824 3367 1948 3417 Ald.
1977 3370 2030 3419 J.
2060 3376 2103 3416 1.
2150 3369 2379 3418 Brunck.

1432 3458 1531 3498 τοῖς
1554 3451 1608 3499 J.
1634 3458 1681 3498 2.
1719 3455 1764 3496 et
1790 3455 1839 3496 3.
1884 3447 2020 3514 apud
2050 3448 2237 3497 Hemst.
2272 3447 2380 3496 Inv.

1431 3530 1622 3587 diserte,
1660 3529 1821 3577 Dorv.

1502 3630 1617 3672 225.
1651 3619 1777 3685 ἶσον]
1823 3622 1928 3668 ’ἶσον
1950 3623 2012 3671 Α.
2033 3629 2075 3670 1.
2109 3621 2217 3668 ’ἴσως
2234 3618 2379 3669 Linc-
