2522 4100
420 320 532 389 'viii
1112 352 1294 395 mnnx
1332 352 1626 395 conicum.

426 482 479 528 C.
516 480 696 544 Regius
719 482 993 531 Parisiensis
1017 484 1148 548 apud
1184 484 1499 533 Brunckium.

423 573 497 620 D.
523 572 750 621 Brunckii
779 574 887 624 MS.
935 577 1092 635 Nunc,
1124 577 1314 640 opinor,
1349 582 1419 622 est
1445 571 1679 622 Richardi
1707 571 1889 627 Heber,
1918 569 2323 636 bibliophilorum

519 667 804 718 doctissimi.
890 693 896 698 ·

421 761 578 813 Doro.
626 763 979 821 Dorvillianus,
1010 779 1137 811 nunc
1172 762 1466 811 Bodleianns
1501 763 1563 809 X.
1606 769 1646 808 1.
1683 766 1729 818 3,
1761 766 1835 809 13.
1888 759 2011 809 Vide
2048 760 2322 810 Gaisfordii

517 857 742 920 Catalog.
781 857 925 905 MSS.
964 857 1113 904 Dorv.
1152 872 1199 918 p.
1232 855 1306 903 16.
1359 857 1613 910 PorsonuS,
1655 854 1763 900 “In
1802 860 1945 902 aetate
1977 853 2165 903 codicis
2197 855 2324 903 Dor-

513 951 692 999 villiani
738 951 952 1000 notanda
996 950 1173 998 erravit
1220 949 1639 997 Hemsterhusius.
1698 948 1824 996 Anni
1872 956 1987 997 nota
2035 950 2142 997 haec
2186 957 2262 1000 est
2281 952 2323 1000 :”
2388 975 2392 977 ·

515 1041 635 1103 [tum
666 1039 848 1088 codicis
881 1039 1000 1102 sigla
1033 1038 1284 1100 imitatur]
1323 1038 1461 1086 “i.e.
1490 1036 1624 1083 ἔτους
1660 1042 1748 1098 ,ςου
1780 1039 1884 1098 τηου
1912 1039 2028 1095 μθῡυ
2053 1036 2256 1094 η’νδικτθῖ
2282 1037 2318 1080 a}

505 1135 671 1194 (Anno
712 1150 781 1180 sc.
819 1130 993 1179 Mundi
1024 1128 1171 1187 6959.
1220 1130 1395 1178 Indict.
1439 1137 1512 1178 15.
1562 1130 1660 1178 sive
1699 1134 1759 1180 A.
1795 1131 1851 1179 C.
1895 1138 2037 1180 1451.
2091 1132 2314 1196 Scriptus

505 1226 655 1290 igitur
678 1225 831 1273 codex
857 1224 980 1272 intra
1004 1223 1191 1271 initium
1218 1223 1522 1286 Septembris
1545 1231 1594 1271 et
1618 1222 1764 1271 finem
1789 1223 2140 1284 Decembris.”)

411 1320 475 1368 E.
492 1319 695 1382 Regius
720 1316 991 1365 parisiensis
1018 1321 1163 1364 2820.
1201 1315 1331 1378 apud
1358 1315 1678 1364 Brunckium.

377 1415 493 1464 ΕΗ).
530 1412 852 1477 Elbingensis.
923 1411 1246 1459 Collationem
1307 1426 1335 1457 a
1380 1410 1837 1476 Trendelenburgio
1890 1410 2069 1459 factam
2121 1407 2317 1474 repetiit

506 1507 730 1565 Beckius,
756 1522 898 1570 quem
923 1504 1036 1552 vide
1061 1503 1209 1553 Praef.
1234 1521 1284 1568 p.
1306 1520 1415 1552 xxv.

406 1599 471 1649 L.
504 1601 579 1648 vel
612 1598 726 1647 Lib.
760 1597 824 1646 L.
871 1597 1131 1661 Exemplar
1162 1596 1385 1645 editionis
1421 1597 1707 1646 Caninianae
1749 1598 1976 1663 Lugduni
2015 1597 2148 1663 apud
2186 1598 2311 1662 Gry-

501 1693 672 1758 phium
711 1699 856 1741 1543.
906 1690 1015 1739 Fuit
1046 1690 1258 1739 Andreae
1294 1691 1542 1750 Dudithii,
1577 1691 1757 1741 deinde
1789 1692 1949 1740 Isaaci
1979 1691 2134 1741 Vossii
2163 1689 2310 1753 (Vide

499 1789 645 1837 MSS.
677 1788 825 1852 Angl.
849 1794 899 1835 et
925 1786 1040 1834 Hib.
1069 1785 1216 1842 2716.
1243 1781 1347 1847 44.)
1378 1803 1504 1835 nunc
1529 1787 1575 1835 in
1601 1787 1730 1836 Bibl.
1755 1788 2000 1846 Leidensi‚
2035 1787 2166 1836 Hist.
2190 1792 2307 1844 799.

498 1881 656 1930 Catal.
697 1898 748 1945 p.
783 1879 894 1930 260.
949 1880 1172 1929 Contulit
1202 1880 1277 1927 vir
1314 1880 1508 1937 doctus,
1556 1881 1723 1930 forsan
1764 1879 2052 1937 Dudithius,
2094 1878 2307 1935 Plutum,

495 1978 683 2035 NuheS,
716 1983 768 2024 et
796 1978 972 2033 Ranas,
1004 1992 1117 2024 cum
1151 1975 1328 2024 codice
1353 1977 1495 2025 bonae
1527 1985 1677 2025 notae.
1731 1975 1877 2023 Unde
1901 1989 2051 2037 quum
2075 1972 2308 2022 nonnulla

489 2074 539 2121 in
563 2071 895 2137 Appendicem
918 2070 1206 2129 retulissem,
1231 2070 1432 2119 Leidam
1457 2071 1583 2119 forte
1608 2070 1817 2119 revisens
1852 2069 2026 2117 iterum
2051 2067 2303 2132 excerpsi;
2327 2048 2330 2054 Ι

490 2166 605 2214 vide
648 2164 881 2213 Addend.
927 2164 988 2211 ad
1041 2165 1172 2212 Plut.
1212 2171 1322 2214 132.
1385 2164 1569 2213 Totam
1616 2164 1840 2228 syllogen
1881 2179 2011 2211 nunc
2056 2163 2302 2226 vulgatam

491 2255 640 2304 credo
656 2254 754 2302 sive
779 2254 842 2300 ab
859 2252 1223 2300 Hemsterhusio
1242 2252 1305 2300 ad
1325 2253 1522 2301 Plutum
1541 2261 1588 2300 et
1603 2269 1632 2300 a
1649 2252 1937 2300 Tittmanno
1952 2251 2002 2300 in
2021 2250 2302 2301 Ruhnkenii

490 2348 725 2414 Epistolis
749 2363 833 2411 pp.
865 2344 1141 2394 126-128.
1177 2345 1274 2393 sive
1299 2346 1395 2394 hic.

393 2442 533 2492 Leid.
586 2439 829 2489 Leidensis
869 2438 1000 2504 apud
1043 2440 1480 2499 Hemsterhusium,
1519 2442 1599 2504 qui
1641 2449 1835 2490 tantum
1881 2442 1945 2490 ad
1985 2442 2112 2492 Plut.
2152 2449 2297 2492 1043.

489 2537 640 2586 —fin.
672 2536 913 2584 adhibuit.
966 2535 1101 2583 ldem
1140 2535 1314 2595 codex,
1360 2545 1416 2585 ut
1451 2537 1664 2595 videtur,
1707 2538 1849 2600 cujus
1879 2537 1943 2585 ad
1980 2538 2155 2587 Nubes
2195 2540 2297 2588 col-

488 2629 738 2685 lationem,
763 2643 792 2674 a
816 2625 1111 2674 Ruhnkenio
1133 2626 1554 2685 subministratam‚
1579 2628 1756 2677 habuit
1777 2629 2026 2678 Ernestus.

388 2725 530 2773 Line.
565 2721 689 2770 Vide
713 2721 835 2770 Ask.
859 2729 907 2769 et
930 2719 1083 2769 Bodl.

387 2816 706 2872 Monacensis,
744 2820 853 2868 137.
894 2814 1202 2871 chartaceuS,
1237 2831 1349 2863 saec.
1378 2815 1488 2862 XV.
1534 2815 1821 2864 Thierschio
1853 2815 2047 2879 judice.
2103 2816 2292 2875 Plutus,

484 2905 672 2962 Nubes,
729 2904 895 2962 Ranae,
949 2902 1313 2953 Ecclesiazusae.
1389 2905 1611 2953 Nubium
1660 2914 1710 2954 et
1765 2907 2010 2969 Ranarum
2055 2905 2290 2956 lectiones

485 2998 702 3062 vulgavit
727 2997 982 3046 Harlesius
1005 2997 1054 3044 in
1079 2997 1295 3049 Nubium
1319 2997 1550 3057 editione,
1583 2999 1714 3064 Lips.
1745 3006 1886 3055 1788.
1923 2999 2289 3049 Ecclesiazusas

417 3092 428 3099 '
482 3097 710 3138 accurate
729 3088 939 3137 contulit
963 3088 1141 3136 doctus
1159 3088 1445 3136 adolescens
1470 3088 1714 3152 Riglerus,
1739 3090 1879 3153 cujus
1901 3090 2285 3139 benevolentiam

480 3182 597 3230 mihi
622 3181 906 3230 conciliavit
926 3180 1056 3228 idem
1079 3181 1408 3239 Thierschius,
1434 3181 1506 3228 vir
1529 3181 1867 3230 amicissimus
2068 3173 2070 3175 ’

382 3277 451 3324 Ρ.
485 3272 1013 3322 Vaticano-Palatium.
1073 3272 1298 3321 Contulit
1342 3273 1612 3337 Zacagnius
1657 3274 1706 3321 in
1753 3290 1890 3322 usum
1941 3274 2157 3333 Kusteri,
2200 3275 2283 3339 qui

477 3372 653 3431 praeter
693 3364 929 3414 lectiones
963 3365 1011 3412 in
1047 3364 1189 3413 editis
1217 3365 1344 3414 notis
1381 3374 1686 3425 memoratas,
1726 3367 1962 3430 quasdam
2003 3367 2195 3416 notavit
2229 3367 2280 3416 in

471 3460 682 3524 margine
739 3459 961 3508 editionis
1020 3459 1172 3508 Porti.
1264 3459 1414 3509 Liber
1461 3460 1511 3508 in
1571 3460 1928 3509 Hemsterhusii
1985 3467 2277 3523 potestatem

475 3552 624 3607 venit,
666 3551 792 3613 (vide
832 3569 939 3601 eum
984 3551 1045 3599 ad
1088 3552 1218 3602 Plut.
1265 3569 1314 3616 p.
1340 3555 1475 3613 482.)
1522 3561 1570 3601 et
1615 3570 1739 3602 nunc
1775 3561 1851 3602 est
1892 3553 1940 3601 in
1978 3552 2276 3603 bibliotheca

470 3645 707 3693 Leidensi‚
1654 3634 1673 3646 ”
2232 3638 2235 3639 ’
